3552 5764
1101 616 1191 685 38
1616 630 1961 684 0111111111
2003 629 2240 680 mom
2251 627 2690 680 snxomoas.

1107 790 1342 865 forda;
1408 788 1490 854 of
1527 777 1674 855 san
1727 788 1927 853 forda
1968 787 2271 869 andlang
2321 785 2554 868 hagan
2596 791 2741 852 zaet
2788 785 2889 851 eft
2938 775 3017 851 16
3064 777 3198 851 fif-

1110 910 1399 956 aeceran.
1532 888 1740 955 Anno
1793 888 2173 956 dominicae
2228 887 2716 956 incarnationis
2762 903 3195 952 ‚nccccmxn

1109 993 1370 1076 scripta
1421 997 1528 1055 est
1584 989 1756 1053 baec
1820 996 2040 1066 carta,
2098 988 2205 1052 his
2263 988 2556 1054 testibus
2610 987 3193 1053 consentientibus

1112 1111 1407 1176 quorum
1439 1090 1724 1154 inferius
1756 1089 2037 1155 nomina
2062 1094 2412 1153 notantur.

1221 1194 1304 1276 ›1‹
1357 1191 1512 1273 Ego
1557 1189 1837 1272 Eadgar
1885 1208 2010 1254 rex
2053 1187 2444 1270 Anglorum
2488 1186 2812 1252 concessi.
2923 1187 3001 1268 ᾧ
3044 1186 3197 1269 Ego

1113 1292 1436 1358 Dunstan
1488 1289 2065 1373 archiepiscopus.
2177 1291 2257 1371 ›1‹
2324 1288 2474 1371 Ego
2530 1286 2817 1353 Oscutel
2862 1286 3199 1370 archiepi-

1111 1411 1389 1474 scopus.
1501 1393 1581 1473 ·1‹
1642 1390 1794 1471 Ego
1856 1389 2069 1454 Osulf
2102 1390 2485 1473 episcopus.
2600 1391 2679 1471 ›1‹
2736 1387 2888 1470 Ego
2936 1387 3197 1453 Burht-

1111 1493 1294 1558 holm
1337 1493 1722 1574 episcopus.
1835 1492 1915 1572 ›1‹
1959 1491 2113 1572 Ego
2156 1488 2415 1558 AEssulf
2446 1489 2829 1571 episcopus.
2924 1490 3003 1570 ›1‹
3046 1486 3199 1570 Ego

1118 1592 1430 1659 Osuuold
1479 1592 1865 1674 episcopus.
1999 1592 2078 1672 ›1‹
2139 1589 2293 1672 Ego
2346 1587 2767 1654 AEffleluuold
2816 1588 3204 1671 episcopus.

1125 1695 1204 1775 ›1‹
1265 1693 1417 1774 Ego
1481 1690 1740 1757 AElfere
1800 1690 1965 1757 dux,
2080 1691 2159 1774 ›1‹
2215 1689 2367 1772 Ego
2428 1687 2591 1754 AEls
2590 1688 2767 1754 heah
2828 1688 2997 1753 dux.
3106 1689 3189 1771 ›1‹

1117 1794 1271 1876 Ego
1304 1793 1671 1858 AE’6elstan
1701 1791 1871 1858 dux.
1968 1793 2047 1873 ›1‹
2088 1790 2239 1872 Ego
2272 1789 2633 1858 Eadmund
2666 1788 2835 1854 dux.
2934 1790 3017 1872 ›1‹
3048 1789 3205 1872 Ego

1117 1894 1480 1977 Byrhtno²6
1540 1892 1708 1957 dux.
1821 1893 1899 1974 *1⁴
1955 1888 2109 1973 Ego
2162 1889 2582 1958 AEuelmund
2630 1889 2800 1954 dux.
2912 1891 2992 1971 ›1‹
3046 1887 3204 1972 Ego

1117 1993 1397 2076 AElfgar
1455 1992 1781 2058 minister.
1909 1992 1989 2072 ›1‹
2052 1991 2203 2073 Ego
2253 1989 2609 2056 AElfuuine
2654 1989 2983 2054 minister.
3110 1989 3193 2072 ,Β

1119 2093 1272 2176 Ego
1304 2091 1676 2158 Burhtfer's
1717 2089 2052 2156 minister.
2162 2093 2240 2174 *1⁴
2282 2090 2436 2173 Ego
2466 2089 2829 2172 AE’selsige
2873 2089 3205 2154 minister.

1130 2196 1210 2276 ›1‹
1248 2194 1403 2274 Ego
1453 2191 1871 2258 AE’6eluuine
1910 2189 2239 2257 minister.
2353 2193 2433 2273 ›1‹
2476 2189 2632 2273 Ego
2674 2189 3039 2257 Uulfhelm
3078 2189 3207 2253 mi-

1117 2294 1352 2360 nister.
1465 2294 1545 2374 *1⁴
1589 2291 1744 2374 Ego
1774 2289 2132 2373 AEfflelsige
2160 2290 2491 2358 minister.

1869 2583 2467 2656 mccxxxlv.

1846 2689 2287 2816 nimia,
2333 2738 2487 2804 961.

1233 2886 1314 2978 >1⁴
1359 2884 1774 2955 naemu-n:
1819 2889 1891 2955 in
1940 2896 2349 2972 perpetuum
2395 2888 2669 2958 domino
2718 2897 2954 2959 nestro
3003 2888 3215 2956 Ihesu

1129 2990 1442 3058 Christo!
1567 2989 1891 3059 Omnium
1942 2989 2318 3057 uisibilium
2368 2996 2439 3055 et
2484 2989 2931 3061 inuisibilium
2984 3010 3213 3056 rerum

1129 3098 1437 3159 creatore
1495 3092 1568 3159 in
1630 3096 2036 3175 perpetuum
2094 3099 2448 3172 regnante,
2502 3099 2576 3159 et
2623 3110 2668 3156 a
2724 3111 2988 3157 summo
3041 3092 3217 3158 coeli

1129 3192 1411 3275 fastigio
1461 3192 1692 3257 omnia
1741 3210 2111 3273 regnorum
2168 3190 2323 3257 iura
2380 3190 2821 3276 disponente!
2928 3192 3219 3257 Cunctis

1132 3312 1216 3357 ea
1256 3309 1437 3375 quae
1483 3299 1649 3357 sunt
1689 3310 1859 3357 uera
1900 3291 2360 3369 cernentibus,
2402 3290 2839 3361 manifestum
2883 3300 2990 3359 est
3029 3293 3217 3376 quod

1132 3392 1514 3475 praesentis
1559 3392 1750 3457 uitae
1784 3389 2207 3475 prosperitas
2248 3391 2483 3458 mundi
2520 3392 2813 3476 strepitu
2842 3392 3221 3459 deficiendo

1134 3492 1614 3574 corrumpitur.
1721 3490 1927 3555 Nunc
1967 3491 2182 3573 igitur
2226 3491 2313 3556 de
2363 3494 2567 3557 rebus
2616 3493 3109 3577 temporalibus
3160 3493 3222 3558 si

1134 3594 1310 3657 bene
1343 3590 1820 3674 dispensentur
1861 3598 2143 3657 aeterna
2170 3590 2444 3657 iusticia
2470 3600 2928 3676 comparatur.
3017 3593 3224 3659 Unde

1136 3712 1268 3773 ego
1290 3691 1590 3774 Eadgar,
1607 3690 1911 3756 basileus
1937 3688 2323 3772 Anglorum
2351 3702 2888 3777 cunctarumque
2916 3695 3223 3775 gentium

1137 3793 1211 3856 in
1231 3792 1525 3857 circuitu
1549 3790 2058 3874 persistentium
2092 3791 2516 3874 gubernator
2556 3802 2628 3861 et
2662 3800 2912 3877 rector,
2950 3792 3223 3861 cuidam

1140 3912 1292 3959 meo
1317 3892 1503 3959 fideli
1523 3892 1835 3957 ministro
1858 3893 2165 3959 uocitato
2185 3893 2459 3960 1101111110
2483 3893 2773 3961 AElfrico
2792 3908 2926 3960 ax.
2948 3912 3227 3961 mansas

1141 3992 1630 4075 perpetualiter
1679 3992 2005 4070 concedo,
2054 3992 2197 4058 illic
2246 3994 2364 4063 ubi
2416 3992 2715 4077 Anglica
2770 3994 3227 4078 appellatione

1142 4091 1394 4159 dicitur
1435 4100 1529 4157 aet
1577 4092 2221 4174 AEseredingetune.
2325 4092 2609 4161 Habeat
2649 4100 2880 4161 autem
2922 4094 3229 4179 posside-

1143 4197 1356 4273 atque
1381 4211 1608 4257 meum
1645 4193 1881 4275 regale
1912 4194 2167 4259 donum
2206 4194 2535 4278 quamdiu
2563 4196 2797 4271 uiuat3
2845 4202 2915 4261 et
2956 4202 3117 4279 post
3152 4215 3229 4260 se

1143 4291 1549 4373 cuicumque
1607 4293 1905 4357 uoluerit
1960 4292 2237 4359 haeredi
2281 4294 2719 4361 aeternaliter
2782 4295 3229 4379 derelinquat.

1145 4390 1250 4456 Sit
1284 4398 1513 4457 autem
1545 4392 1899 4475 praedicta
1928 4399 2111 4457 terra
2152 4394 2242 4459 ab
2285 4397 2471 4463 omni
2510 4396 2841 4463 mundiali
2876 4396 3233 4463 obstaculo
