3552 5764
949 624 1292 675 cnutus
1341 623 1582 673 Anum
1592 622 2031 673 SAxochs.
2463 602 2549 667 13

1225 880 1758 948 Mccxxlu.

839 1031 884 1075 ⁴·
917 990 1427 1111 ΒῦΝεΤᾸΝ,
1473 1029 1717 1098 Amm,
1759 1033 1897 1111 1st‚
1939 1033 2095 1099 959.

539 1184 624 1267 »Β
655 1181 1148 1261 ΒυΝετΑΝυε,
1181 1182 1296 1248 dei
1329 1183 1828 1259 misericordia,
1862 1183 2365 1248 Londoniensis
2397 1185 2541 1268 epi-

431 1301 723 1367 scopus,
761 1284 1084 1348 omnibns
1126 1284 1498 1368 episcopis,
1529 1284 1924 1362 abbatibus,
1972 1290 2045 1348 et
2074 1285 2341 1349 cunctis
2388 1303 2542 1350 aec-

431 1383 693 1448 clesiae
749 1381 933 1458 filiis,
989 1385 1470 1466 praesentibus
1527 1391 1598 1448 et
1654 1383 1930 1463 futuris,
1984 1385 2058 1448 in
2108 1391 2541 1468 perpetuum.

435 1481 703 1563 Quum,
765 1482 1018 1548 fiatres
1081 1481 1456 1562 karissimi,
1520 1485 1845 1550 inimicus
1910 1484 2194 1549 humani
2260 1486 2534 1567 generis

435 1603 716 1668 semper
756 1583 1034 1649 laborat
1073 1584 1622 1668 superseminare
1665 1585 1934 1650 zizania
1970 1585 2041 1650 in
2097 1603 2271 1668 agro
2331 1584 2542 1651 domi-

437 1685 640 1750 nicae
671 1683 986 1766 sationiS,
1019 1690 1093 1751 et
1126 1704 1303 1769 quos
1332 1705 1472 1750 non
1503 1692 1738 1769 potest
1770 1685 2062 1750 incitare
2094 1685 2183 1750 ad
2218 1686 2545 1768 grauiora

437 1784 698 1850 delicta
753 1784 1160 1868 plerumque
1215 1785 1301 1851 de
1359 1785 1657 1850 minimis
1713 1785 2191 1852 occasionibus
2239 1785 2544 1852 incendit

435 1885 531 1951 ad
575 1885 736 1952 lites
787 1891 861 1950 et
902 1884 1311 1964 discordiae,
1347 1886 1736 1952 cauendum
1778 1894 1910 1963 est,
1944 1886 2044 1950 eis
2088 1885 2391 1951 maxime
2420 1888 2541 1971 qui

435 1987 516 2050 in
597 1984 1130 2052 aecclesiasticis
1211 1986 1564 2052 ordinibus
1647 1985 1947 2052 eminere
2029 1986 2378 2065 uidentur,
2462 1994 2543 2053 ut

438 2085 720 2170 publice
765 2104 854 2152 ac
895 2086 1248 2170 priuatim,
1300 2095 1564 2171 quanta
1615 2087 1877 2152 uirtute
1933 2092 2254 2170 possunt,
2306 2105 2543 2170 ampu-

437 2193 598 2252 tent
627 2206 866 2252 omnes
909 2186 1304 2254 occasiones
1337 2207 1462 2271 per
1510 2205 1688 2272 quas
1715 2187 1901 2253 inter
1929 2205 2167 2254 seruos
2194 2185 2307 2252 dei
2338 2203 2544 2252 scan-

437 2285 608 2352 dala
646 2294 942 2370 possunt
988 2287 1179 2366 oriri,
1222 2295 1306 2354 ut
1347 2288 1653 2373 quietam
1705 2294 1779 2353 et
1822 2287 2267 2371 tranquillam
2319 2287 2537 2353 uitam

441 2407 740 2470 agamur
773 2389 848 2452 in
890 2387 1182 2453 caritate
1223 2389 1504 2454 domini.
1607 2387 2053 2471 Quapropter
2104 2388 2373 2454 nouerit
2400 2408 2541 2453 om-

443 2489 638 2554 nium
669 2487 1056 2554 catholicae
1096 2489 1474 2555 aecclesiae
1508 2488 1853 2554 cultorum
1886 2487 2229 2570 generalis
2263 2489 2541 2554 uniuer-

441 2589 645 2668 sitas‚
689 2589 876 2672 quod
918 2588 1241 2655 dominus
1285 2589 1826 2672 gloriosissimus
1872 2589 2237 2672 Eadgarus
2271 2586 2539 2672 Anglo-

441 2709 598 2754 rum
641 2709 794 2770 reat,
822 2689 1060 2755 diuina
1103 2689 1478 2757 irradiatus
1519 2689 1802 2769 lumine,
1843 2689 2169 2773 religiosa
2207 2690 2541 2772 petitione

443 2789 857 2856 humilitatis
927 2797 1206 2856 nostrae
1279 2790 1788 2857 extremitatem
1851 2789 2189 2873 poposcit,
2261 2797 2545 2874 propter

443 2890 842 2975 frequentes
890 2892 1380 2957 monachorum
1425 2899 1496 2958 et
1544 2891 1953 2959 clericorum
2008 2890 2543 2970 simultationes,

443 3000 524 3057 nt
579 3001 652 3057 et
697 3011 827 3057 nos
876 2997 949 3058 et
1003 2992 1489 3059 canonicorum
1530 2998 1923 3059 nostrorum
1973 2991 2355 3057 communis
2398 2990 2535 3055 sra-

445 3092 737 3157 ternitas
790 3092 1181 3159 securitatis
1223 3099 1294 3157 et
1339 3091 2053 3159 incommutabilitatis
2101 3090 2540 3175 priuilegium

443 3190 804 3259 ederemus
833 3212 962 3277 pro
998 3194 1390 3259 reuerentia
1427 3192 1676 3259 summi
1711 3189 2183 3274 apostolorum
2214 3188 2542 3273 principis

445 3292 670 3370 Petri,
717 3293 807 3357 ad
859 3293 1216 3359 basilicam
1265 3294 1485 3378 ipsius
1532 3312 1714 3377 quae
1765 3291 2021 3356 dicitur
2064 3290 2542 3356 westmonas-

445 3395 720 3471 terium,
763 3394 885 3458 ubi
939 3393 1272 3477 reliquiae
1331 3394 1553 3477 ipsius
1618 3393 1958 3459 uirtutum
2016 3390 2367 3457 miraculis
2428 3411 2543 3457 co-

447 3502 756 3572 ruscant,
799 3514 1219 3578 quamquam
1263 3494 1482 3561 multo
1527 3502 1690 3559 ante
1742 3512 1870 3559 nos
1914 3500 2247 3577 tempore,
2294 3493 2541 3557 beatus

447 3614 632 3679 papa
680 3593 1064 3678 Gregorius
1112 3595 1202 3660 de
1247 3595 1486 3661 eadem
1540 3614 1614 3659 re
1663 3594 2074 3659 sententiam
2127 3592 2391 3671 tulerit,
2433 3592 2541 3658 di-

449 3714 612 3760 cens
661 3696 841 3760 inter
871 3695 1054 3772 alia;
1105 3694 1591 3761 Interdicimus
1622 3696 1697 3759 in
1723 3694 1997 3760 nomine
2030 3692 2288 3758 domini
2329 3692 2539 3758 Ihesu

453 3794 716 3860 Christi
755 3815 844 3861 ex
891 3796 1307 3862 auctoritate
1355 3796 1544 3861 beati
1592 3794 1787 3860 Petri
1834 3792 2307 3877 apostolorum
2358 3794 2539 3878 prin-

451 3896 632 3979 cipis
663 3896 854 3962 cuius
884 3896 1038 3963 uice
1065 3896 1226 3963 huic
1261 3896 1635 3962 aecclesiae
1668 3894 2161 3980 praesidemus,
2198 3899 2277 3957 ut
2308 3892 2541 3959 nullus

450 3997 924 4079 episcoporum
983 3996 1099 4063 uel
1145 3997 1607 4063 saecularium
1664 3994 1957 4060 ulterius
2005 4001 2407 4077 praesumat
2456 3996 2543 4060 de

449 4096 848 4175 redditibus,
894 4098 1125 4176 rebus,
1174 4098 1289 4163 uel
1340 4096 1552 4163 cartis
1600 4094 2193 4172 monasteriorum,
2236 4093 2351 4158 uel
2400 4096 2543 4179 pri-

449 4198 723 4281 uilegiis
765 4218 948 4283 quae
992 4198 1080 4263 ad
1133 4217 1221 4264 ea
1261 4198 1628 4281 pertinent,
1684 4214 2117 4281 quocumque
2160 4194 2363 4261 modo
2416 4215 2539 4261 seu

447 4299 756 4383 qualibet
804 4299 1194 4377 occasione,
1245 4298 1359 4364 uel
1404 4298 1586 4364 tolos
1627 4295 1742 4361 uel
1787 4296 2219 4361 inmissiones
2262 4295 2537 4376 sacere;

443 4400 560 4465 sed
607 4401 666 4465 si
713 4419 856 4484 qua
909 4400 1085 4465 sorte
1138 4400 1413 4467 occasio
1459 4400 1638 4467 inter
1679 4417 1764 4464 ea
1808 4398 2098 4477 uenerit,
2142 4402 2214 4461 et
2256 4396 2543 4481 pacifice
