3552 5764
1073 603 1160 667 50
1581 615 1925 668 crusna
1970 615 2661 667 Aucmssxommss.

1079 783 1310 840 autem
1339 767 1517 840 ha'nc
1543 773 1848 841 nostram
1882 773 2387 841 munificentiae
2413 767 2875 857 dapsilitatem
2908 789 3163 856 augere

1081 874 1401 952 uoluerit,
1434 882 1688 958 augeat
1729 872 2045 940 dominus
2090 877 2308 940 uitam
2330 883 2413 939 ‘et
2444 875 2967 958 prosperitatem
3012 875 3163 940 eins

1083 975 1192 1040 hic
1225 983 1296 1040 et
1328 977 1400 1040 in
1427 994 1697 1040 aeuum.
1801 975 1873 1039 Si
1920 977 2072 1059 quis
2115 975 2329 1058 igitur
2370 975 2547 1040 hanc
2596 981 2903 1040 nostram
2946 974 3159 1040 dona-

1083 1076 1336 1140 tionem
1365 1075 1438 1139 in
1469 1075 1655 1140 aliud
1689 1095 1896 1159 quam
1926 1075 2404 1141 constituimus
2440 1075 2808 1140 transferre
2839 1074 3157 1154 uoluerit,

1080 1174 1394 1257 priuatus
1432 1175 1781 1241 consortio
1807 1184 2091 1240 sanctae
2122 1174 2232 1239 dei
2260 1174 2660 1253 aecclesiae,
2694 1175 2993 1240 aeternis
3034 1176 3155 1240 ba-

1081 1274 1298 1339 rathri
1359 1275 1692 1340 incendiis
1753 1275 2066 1358 lugubris
2130 1275 2385 1358 iugiter
2440 1294 2597 1339 cum
2660 1273 2839 1339 Iuda
2903 1273 3162 1341 Christi

1081 1374 1430 1457 proditore
1469 1375 1754 1457 eiusque
1790 1375 2235 1458 complicibus
2276 1375 2628 1457 puniatur,
2668 1375 2731 1438 si
2772 1394 2909 1438 non
2950 1377 3155 1440 satis-

1081 1461 1378 1540 factione
1433 1473 1903 1541 emendauerit
1949 1489 2256 1556 congrua
2310 1473 2495 1556 quod
2546 1481 2789 1539 contra
2850 1475 3158 1540 nostrum

1080 1571 1370 1664 deliquit
1430 1563 1833 1639 decretum.'
1937 1573 2147 1639 Anno
2222 1573 2603 1639 dominicae
2674 1575 3161 1642 incarnationis

1083 1691 1534 1740 .ncccc.1.xn.
1583 1673 1844 1766 scripta
1886 1681 1995 1740 est
2035 1674 2206 1738 haec
2243 1681 2459 1752 carta,
2500 1673 2611 1738 his
2657 1677 2947 1739 testibus
2988 1694 3152 1743 con-

1077 1775 1529 1839 sentientibus
1558 1787 1848 1857 quorum
1881 1774 2162 1839 inferius
2188 1773 2462 1838 nomina
2494 1781 2935 1839 caraxantur.
3015 1785 3021 1794 ·

1203 1874 1282 1956 »Β
1357 1873 1510 1957 Ego
1559 1873 1848 1958 'Eadgar
1908 1863 2288 1958 A'nglorum
2345 1873 2647 1938 basileus
2704 1873 2835 1940 hoc
2896 1874 3150 1942 donum

1078 1974 1280 2058 agiae
1325 1976 1544 2039 crucis
1597 1980 1904 2039 taumate
1951 1973 2260 2040 hilariter
2306 1975 2769 2040 corroboraui.
2879 1977 2958 2059 »Β
3000 1977 3151 2060 Ego

1082 2074 1405 2139 Dunstan
1478 2073 2031 2157 archiepiscopus
2113 2073 2291 2140 tanti
2366 2074 2551 2156 regis
2600 2073 3151 2142 beniuolentiam

1077 2173 1301 2238 almae
1340 2175 1563 2239 crucis
1602 2174 2051 2260 impressione
2090 2165 2513 2257 consignaui.
2624 2177 2703 2258 ›1‹
2749 2175 2901 2258 Ego
2934 2176 3154 2242 Oscu-

1077 2272 1172 2339 tel
1201 2273 1751 2358 archiepiscopus
1772 2274 1905 2340 hoc
1930 2273 2235 2340 eiusdem
2266 2271 2450 2357 regis
2481 2274 2737 2339 donum
2769 2272 3151 2359 tripudians

1079 2361 1320 2438 crucis'
1339 2373 1714 2458 'designaui
1739 2372 2083 2440 indiculo·
2196 2377 2275 2458 ›1‹
2320 2375 2475 2458 Ego
2514 2373 2730 2439 Osulf
2768 2375 2998 2458 gratia
3040 2377 3151 2444 dei

1075 2474 1436 2557 episcopus
1479 2473 1714 2540 dilecti
1756 2476 1939 2559 regis
1984 2473 2373 2558 largifluam
2412 2474 2885 2559 'dapsilitatem
2930 2467 3152 2543 crucis

1071 2575 1428 2656 signaculo
1451 2575 1796 2641 roboraui.
1882 2569 1963 2658 ’ᾧ
1984 2575 2134 2658 Ego
2163 2573 2517 2659 Byrhtelm
2540 2574 2723 2640 dono
2749 2569 2863 2640 (lei
2886 2577 3151 2660 episco-

1071 2693 1202 2757 pus
1235 2681 1474 2740 tantae
1506 2675 1869 2740 consulens
1896 2673 2208 2758 largitati
2238 2671 2461 2740 crucis
2488 2669 2917 2758 signaculum
2944 2677 3155 2744 deuo-

1072 2783 1184 2838 tus
1228 2773 1567 2858 impressi.
1665 2777 1742 2858 ›1‹
1792 2776 1942 2859 Ego
1989 2774 2351 2842 AElfuuold
2392 2775 2777 2859 episcopus.
2876 2779 2954 2861 ›1‹
3000 2777 3154 2861 Ego

1074 2873 1433 2959 Byrhtelm
1463 2874 1850 2960 episcopus.
1940 2878 2018 2961 ›1‹
2056 2875 2207 2959 Ego
2239 2874 2550 2941 Osuuold
2583 2877 2967 2962 episcopus
3062 2881 3141 2963 ›1‹

1072 2974 1228 3058 Ego
1259 2976 1565 3041 AElfstan
1589 2978 1970 3062 episcopus.
2059 2978 2138 3060 ›1‹
2172 2976 2324 3059 Ego
2356 2975 2585 3043 Asulf
2602 2978 2989 3063 episcopus.
3062 2981 3141 3063 ›1‹

1075 3076 1228 3158 Ego
1261 3076 1577 3143 AElfhere
1605 3064 1769 3143 dux.
1884 3079 1963 3161 ›1‹
2018 3077 2170 3161 Ego
2231 3076 2562 3143 AElfheah
2613 3076 2781 3146 dux.
2882 3080 2961 3161 »1⁴
3002 3079 3153 3163 Ego

1074 3174 1438 3242 AEselstan
1481 3176 1686 3241 duxL‘
1757 3179 1837 3261 ›1‹
1902 3176 2056 3260 Ego
2107 3176 2521 3243 AEveluuine
2576 3173 2744 3243 dux.
2856 3181 2935 3262 ›1‹
2992 3179 3153 3264 'Ego

1073 3276 1464 3341 Beorhtnob
1485 3276 1654 3343 duat.
1767 3279 1847 3360 ›1‹
1882 3276 2037 3361 Ego
2063 3276 2436 3361 Byrhtfer's
2460 3278 2789 3343 minister.
2887 3281 2966 3362 ›1‹
2998 3280 3151 3362 Ego

1069 3374 1427 3468 AElfuuine
1477 3376 1809 3443 minister.
1920 3379 1999 3461 ›1‹
2048 3377 2197 3461 Ego
2232 3376 2591 3443 Uulfhelm
2624 3378 2950 3443 minister.
3062 3382 3141 3463 »Β

1072 3476 1224 3559 Ego
1253 3476 1610 3560 AEvelsige
1647 3477 1980 3542 minister.
2018 3488 2025 3497 ·
2062 3478 2172 3560 ·›1‹
2218 3477 2371 3561 Ego·
2408 3478 2705 3561 AElfsige
2736 3479 3061 3546 minister.

1919 3766 2297 3839 Mccxn.

1793 3893 2234 4005 sinetis,
2276 3924 2430 3991 962.

1174 4073 1253 4154 ›1‹
1297 4071 1782 4140 Ammnnono
1813 4076 1885 4140 in
1926 4084 2273 4141 aeternum
2320 4080 2687 4159 regnante!
2794 4080 3151 4147 Uniuersis

1063 4171 1346 4254 sophiae
1400 4174 1702 4239 studium
1754 4175 2021 4242 intento
2066 4176 2314 4241 mentis
2370 4179 2727 4243 conamine
2746 4194 2753 4201 ·
2774 4182 3013 4247 sedulo
3056 4182 3151 4246 ri·-

1062 4272 1407 4337 mantibus
1455 4272 1716 4356 liquido
1759 4276 2053 4358 patescit
2108 4274 2293 4359 quod
2340 4277 2545 4345 huius
2594 4280 2781 4345 uitae
2829 4277 3150 4365 periculis

1057 4371 1266 4436 nimio
1330 4373 1805 4455 ingruentibus
1867 4382 2125 4441 terrore
2191 4377 2473 4445 recidiui
2539 4380 2869 4447 terminus
2934 4383 3147 4448 cosmi
