3552 5764
894 606 1025 673 136
1408 623 1754 674 cala-ru
1795 622 2481 673 Aucmslixommn.

900 781 1213 849 solidani.
1350 785 1431 867 ›1‹
1486 784 1643 867 Ego
1704 783 2034 849 AElfwold
2095 784 2459 868 episcopus
2521 784 2980 848 corroboraui.

909 883 990 965 >1⁴
1057 883 1209 966 Ego
1267 882 1637 951 Goduuine
1682 884 2050 968 episcopus
2097 883 2553 965 consigillaui.
2683 885 2760 966 *1⁴
2827 883 2980 966 Ego

906 982 1124 1049 Assulf
1144 985 1505 1067 episcopus
1548 984 1970 1049 confirmaui.
2082 986 2160 1067 »Β
2202 984 2354 1067 Ego
2389 983 2687 1048 Ealdred
2721 985 2983 1067 episco-

902 1103 1033 1167 pus
1059 1084 1381 1150 conclusi.
1481 1086 1559 1167 »Β
1600 1084 1750 1167 Ego
1785 1084 2220 1151 AE’selweard
2251 1084 2419 1149 dux.
2517 1084 2595 1165 »Β
2630 1083 2781 1165 Ego
2815 1084 2983 1148 AElf-
3043 1082 3056 1099 '

902 1184 1002 1249 ric
1034 1184 1200 1252 dux.
1332 1186 1410 1267 »Β
1454 1184 1607 1266 Ego
1652 1184 1989 1250 AElfhelm
2040 1184 2205 1249 dux.
2325 1183 2411 1270 ›1‹
2464 1183 2616 1266 Ego
2669 1183 2985 1267 Leofsige

900 1285 1067 1351 dux.
1183 1284 1262 1369 ’Β
1302 1284 1455 1369 Ego
1503 1284 1857 1351 AE'6elmer
1908 1284 2078 1349 dux.
2189 1285 2270 1367 >1⁴
2329 1284 2482 1367 Ego
2530 1282 2788 1350 Ordulf
2817 1284 2984 1349 dux.

915 1386 993 1467 »Β
1036 1384 1187 1469 Ego
1221 1384 1486 1469 Wlfget
1511 1383 1677 1449 dux.

1006 1484 1158 1550 Nos
1190 1485 1495 1551 uniuersi
1537 1485 1721 1568 regis
1758 1483 2126 1568 optimates
2170 1484 2330 1549 huic
2367 1484 2600 1566 regiae
2632 1484 2984 1549 donationi

904 1586 1274 1651 unanimen
1304 1603 1713 1651 consensum
1744 1584 2068 1649 alacriter
2097 1585 2561 1668 praebuimus.

1004 1683 1267 1751 Rubria.
1355 1684 1539 1753 Dis
1518 1706 1581 1751 is
1606 1690 1757 1750 ’Saes
1807 1684 2038 1768 hagan
2078 1675 2213 1751 boc
2245 1704 2336 1750 on
2364 1683 2799 1750 winceastre
2848 1683 2984 1748 and

903 1784 1019 1851 lies
1072 1786 1347 1851 healfan
1400 1802 1621 1850 weres
1671 1792 1765 1851 aet
1824 1784 2352 1868 Braegentforda
2399 1785 2532 1849 and
2585 1791 2735 1849 ’6aes
2777 1802 2986 1849 aecer·

902 1886 1195 1972 splottes
1237 1892 1330 1953 Be
1366 1875 1597 1952 saerto
1636 1876 1754 1962 lits,
1795 1883 1877 1949 lie
1918 1883 2237 1952 AEBelred
2281 1885 2534 1970 cyning
2576 1876 2798 1967 gel‘iiie
2827 1882 2984 1949 God

904 1987 1333 2069 elmihtigum
1366 1986 1499 2052 and
1528 1986 1634 2051 his
1664 1975 1922 2069 halgan
1950 1986 2316 2069 apostolan
2353 1985 2560 2051 Petre
2594 1984 2727 2050 and
2767 1984 2989 2050 Paule

902 2076 1051 2153 into
1083 2087 1353 2153 Ealdan
1381 2093 1687 2171 mynstre
1719 2105 1814 2152 on
1848 2102 1970 2152 ece
1997 2086 2421 2171 inhyrnesse.

1726 2388 2195 2456 MGCXCII.

1588 2539 2114 2619 AEDELRED,
2156 2537 2309 2604 996.

1016 2690 1102 2777 ›1‹
1143 2689 1400 2755 Omma
1434 2709 1613 2773 quae
1644 2691 1719 2754 in
1748 2689 1880 2756 hoc
1913 2688 2170 2755 mundo
2203 2689 2293 2755 ad
2321 2688 2648 2755 solatium
2693 2687 3002 2753 mortalis

913 2790 1102 2856 uitae
1128 2790 1295 2856 data
1326 2796 1489 2855 sunt
1520 2790 1930 2874 temporalia
1957 2796 2142 2869 sunt,
2171 2809 2256 2855 ea
2287 2809 2454 2855 uero
2483 2789 2758 2874 quaein
2791 2807 3002 2871 regno

914 2892 1197 2959 coelesti
1236 2892 1497 2958 sanctis
1533 2891 1870 2976 promissa
1907 2899 2072 2956 sunt
2103 2891 2252 2956 sine
2297 2890 2432 2956 fine
2461 2889 2998 2974 permanebunt3

916 2993 1173 3058 idcirco
1223 2993 1328 3056 his
1380 2993 1667 3058 terrenis
1718 2991 2132 3075 caducisque
2175 2991 2502 3058 coelestia
2551 2999 2624 3056 et
2676 3007 3001 3055 mansura

916 3093 1222 3177 praemia
1281 3113 1535 3176 magno
1597 3113 1806 3176 opere
1868 3111 2269 3156 mercamur.
2372 3090 2809 3174 Quapropter
2870 3108 3002 3172 ego

916 3192 1357 3272 AE’6elredus‚
1386 3193 1607 3276 regali
1638 3193 1858 3260 fretus
1886 3211 1931 3257 a
1957 3193 2236 3258 domino
2267 3190 2628 3274 dignitate,
2662 3191 2752 3255 ob
2779 3209 3003 3255 remu·

918 3293 1343 3360 nei-ationem
1408 3293 1687 3358 maioris
1742 3293 2052 3377 praemii,
2107 3291 2604 3375 aliquantulam
2666 3289 3002 3356 modicam

917 3392 1211 3458 numinis
1236 3393 1369 3458 mei
1399 3393 1835 3476 particulam,
1856 3393 2052 3457 binas
2081 3391 2402 3457 uidelicet
2423 3409 2726 3467 mansas,
2749 3391 2820 3455 in
2847 3390 3002 3456 loco

916 3493 1035 3578 qui
1069 3493 1157 3558 ab
1190 3493 1445 3557 accolis
1476 3493 1916 3577 Bynsingtun
1954 3492 2120 3556 land
2163 3493 2576 3570 nominatur,
2611 3491 2832 3556 tribus
2861 3489 3000 3555 sra-

917 3593 1137 3659 tribus
1195 3593 1365 3656 meis
1422 3592 1837 3669 homiuibus,
1903 3592 2226 3656 uocitatis
2285 3591 2537 3657 Eadric
2587 3599 2658 3656 et
2713 3591 3006 3673 Eadwig

914 3701 1125 3776 atque
1170 3692 1466 3758 Ealdred
1506 3692 1944 3758 aeternaliter
1974 3691 2450 3775 possidendam
2479 3691 2802 3768 concedo,
2838 3710 3007 3774 qua-

916 3795 1101 3859 tinus
1157 3793 1305 3857 uita
1360 3794 1609 3858 comite
1652 3792 1963 3856 hilariter
2015 3792 2453 3877 possideant3
2516 3799 2586 3857 et
2638 3799 3004 3875 postquam

918 3895 1385 3958 uniuersitatis
1446 3894 1631 3958 uiam
1686 3891 2000 3970 adierint,
2058 3893 2602 3976 quibuscumque
2663 3891 3008 3957 noluerint

916 3995 1327 4059 cleronomis
1373 3993 1749 4059 liberaliter
1795 3993 1866 4056 in
1907 3999 2312 4077 perpetuum
2353 3994 2464 4057 ius
2502 3992 3004 4075 derelinquant.

917 4093 1027 4158 Sit
1088 4101 1315 4159 autem
1379 4094 1735 4178 praedicta
1799 4094 1978 4157 ruris
2039 4092 2386 4177 particula
2447 4093 2634 4158 omni
2695 4101 3006 4157 terrenae

916 4193 1271 4259 seruitutis
1318 4195 1484 4277 iugo
1536 4195 1778 4271 libera,
1824 4194 2048 4258 tribus
2097 4193 2433 4277 exceptis,
2482 4199 2638 4258 rata
2686 4192 3007 4258 uidelicet

916 4293 1376 4375 expeditione,
1436 4296 1668 4378 pontis
1736 4294 2004 4359 arcisue
2070 4294 2594 4360 restauratione.
2725 4292 2800 4358 Si
2850 4293 3007 4376 quis

912 4394 1127 4477 igitur
1205 4393 1379 4457 hanc
1458 4402 1763 4460 nostram
1843 4392 2280 4460 donationem
2365 4395 2438 4459 in
2515 4393 2700 4459 aliud
2789 4411 2998 4477 quam
