3552 5764
867 614 1210 664 cunnus
1258 615 1935 670 Anonossxomcsu.
2350 605 2438 674 83

341 771 634 838 liberum
689 760 966 855 praeter
1011 791 1268 851 arcem,
1305 780 1614 856 pontem,
1653 773 2323 862 expeditionemque,
2358 781 2432 844 in

341 879 756 956 perpetuum
805 873 914 936 ius
971 872 1263 938 libenter
1309 872 1676 937 admodum
1729 875 2055 954 concedo,
2102 879 2429 960 quatinus

341 972 586 1037 diebus
645 972 834 1038 uitae
889 989 1058 1036 suae
1109 971 1496 1055 possideat3
1559 978 1631 1037 et
1683 981 1843 1055 post
1895 993 1969 1038 se
2023 977 2425 1062 cuicumque

341 1071 642 1137 uoluerit
678 1071 954 1137 haeredi
995 1071 1448 1154 derelinquat.
1547 1071 1750 1150 Quod
1793 1074 1857 1136 si
1892 1075 2203 1158 quisque,
2234 1079 2419 1159 quod

345 1190 484 1237 non
517 1179 859 1254 optamus,
888 1170 1174 1236 huiusce
1213 1171 1600 1237 donationis
1639 1171 1975 1238 cartulam
2008 1175 2423 1242 adnichilare

343 1273 810 1355 temptauerit,
858 1289 1090 1336 coram
1137 1270 1413 1336 Christo
1471 1289 1548 1336 se
1605 1271 1935 1336 rationem
1996 1273 2417 1344 redditurum

343 1377 696 1452 agnoscat.
796 1370 892 1436 Et
933 1368 1140 1434 huius
1189 1369 1354 1436 doni
1411 1370 1985 1454 constipulatores
2038 1375 2419 1442 extiterunt

344 1487 634 1553 quorum
659 1468 940 1536 inferius
971 1471 1248 1535 nomina
1278 1471 1596 1536 caraxari
1625 1470 1966 1539 uidentur.

441 1570 523 1654 4
561 1570 715 1653 Ego
754 1569 1033 1652 Eudgur
1069 1589 1196 1634 rex
1233 1566 1620 1651 Anglorum
1662 1570 1795 1635 hoc
1836 1571 2089 1636 donum
2125 1572 2417 1656 largitus

343 1687 516 1736 sum.
630 1672 711 1753 4
754 1669 909 1752 Ego
975 1670 1300 1734 Dunstan
1363 1669 1915 1752 archiepiscopus
1974 1673 2285 1738 consensi
2346 1682 2418 1738 et

343 1769 738 1852 subscripsi.
849 1769 931 1853 4
965 1768 1121 1851 Ego
1171 1767 1456 1852 Oscytcl
1502 1767 2055 1853 archiepiscopus
2101 1775 2416 1838 consensi

341 1875 412 1934 et
454 1868 846 1952 subscripsi.
956 1871 1035 1952 4
1077 1869 1233 1951 Ego
1285 1866 1642 1934 AElfuuold
1694 1869 2055 1952 episcopus
2106 1875 2417 1937 consensi

341 1974 412 2033 et
485 1969 882 2052 subscripsi.
1023 1971 1102 2052 4
1147 1967 1302 2051 Ego
1370 1966 1784 2033 AEsseluuold
1844 1970 2205 2053 episcopus
2250 1991 2415 2036 con-

341 2069 524 2132 sensi
600 2076 674 2134 et
743 2067 1142 2151 subscripsi.
1296 2070 1377 2151 4
1445 2066 1600 2149 Ego
1671 2067 1977 2134 AElfstan
2045 2070 2411 2154 episcopus

341 2169 656 2233 consensi
704 2175 777 2233 et
827 2166 1220 2251 subscripsi.
1333 2169 1412 2250 4
1464 2165 1618 2249 Ego
1669 2167 2010 2251 Uuinsige
2053 2171 2415 2254 episcopus

341 2268 676 2332 consensi.
788 2269 868 2350 4
907 2267 1060 2350 Ego
1112 2265 1422 2332 Osuuold
1473 2265 1839 2350 episcopus
1880 2269 2213 2334 consensi.
2325 2272 2406 2353 4

345 2365 496 2447 Ego
546 2365 760 2432 Osulf
789 2367 1152 2450 episcopus
1187 2365 1530 2431 consensi.
1636 2367 1715 2446 4
1755 2366 1909 2449 Ego
1952 2367 2237 2434 Endelm
2270 2371 2417 2452 epi·

341 2484 594 2549 scopus
655 2466 990 2534 consensi.
1123 2467 1204 2548 4
1261 2465 1412 2548 Ego
1475 2463 1738 2530 AElfere
1794 2465 1965 2532 dux.
2124 2471 2203 2552 4
2258 2468 2414 2552 Ego

341 2565 706 2632 AE’Selstun
737 2565 906 2631 dux.
1015 2567 1094 2648 4
1126 2558 1279 2647 Ego
1309 2564 1542 2629 AElfeh
1573 2563 1740 2632 dux.
1856 2566 1938 2650 4
1964 2567 2115 2650 Ego
2142 2567 2417 2651 Ordgar

339 2665 504 2730 dux.
596 2668 677 2749 4
713 2665 864 2750 Ego
893 2663 1246 2750 Byrhtnob
1271 2665 1438 2730 dux.
1524 2667 1603 2748 4
1631 2664 1786 2748 Ego
1814 2666 2227 2732 AEsseluuine
2246 2668 2414 2734 dux.

348 2768 427 2847 4
465 2765 624 2848 Ego
653 2765 1026 2850 Byrhtseffi
1057 2765 1392 2832 minister.
1491 2765 1570 2846 4
1609 2764 1760 2848 Ego
1791 2765 2257 2832 AEBeluueard
2289 2768 2415 2832 mi-

339 2865 574 2931 nister.
657 2868 737 2950 4
780 2865 936 2950 Ego
966 2864 1322 2931 AElfuuine
1349 2863 1676 2930 minister.
1764 2866 1846 2948 4
1873 2865 2025 2949 Ego
2057 2863 2413 2933 Orduuald

337 2965 670 3031 minister.
777 2969 858 3050 4
899 2966 1050 3049 Ego
1092 2964 1450 3047 AE’eelsigo
1487 2963 1817 3029 minister.
1927 2966 2006 3047 4
2046 2964 2199 3047 Ego
2231 2965 2415 3029 AElf-

337 3064 548 3130 uuold
577 3065 908 3131 minister.
1018 3068 1103 3149 4
1133 3066 1288 3149 Ego
1320 3062 1648 3129 Uulfstan
1692 3063 2025 3131 minister.
2134 3068 2215 3149 4
2259 3065 2410 3148 Ego

341 3164 618 3230 AElfelm
645 3166 972 3231 minister.

1151 3376 1566 3444 Mccnxn

1051 3496 1488 3606 eineis,
1527 3524 1680 3593 968.

439 3669 520 3750 4
559 3666 966 3733 thnamn
1023 3665 1094 3731 in
1127 3670 1526 3749 perpetuum
1579 3661 1859 3729 domino
1907 3670 2145 3730 nostro
2192 3663 2405 3737 Ibesu

335 3764 632 3845 Christo,
710 3767 830 3849 qui
903 3766 1188 3848 imperio
1263 3762 1482 3847 patris
1560 3769 1812 3827 cuncta
1885 3764 2087 3827 simul
2177 3767 2401 3830 sancti

335 3868 612 3950 spiritns
665 3866 892 3949 gratia
947 3864 1342 3929 uiuificante
1390 3860 1730 3944 disponit!
1838 3860 2177 3941 Quamuis
2220 3863 2401 3928 enim

335 3968 544 4033 uerba
583 3964 1014 4033 sacerdotum
1047 3972 1120 4030 et
1163 3964 1437 4029 decreta
1477 3960 1774 4026 iudicum
1814 3960 1887 4024 in
1918 3963 2161 4027 robore
2192 3962 2401 4028 firmi-

329 4067 490 4131 tatis
536 4066 790 4148 iugiter
837 4071 1296 4149 perseuerent,
1345 4069 1674 4137 attamen,
1727 4078 1853 4142 pro
1902 4062 2163 4127 incerta
2209 4063 2395 4129 futu-

327 4184 556 4231 rorum
619 4164 1080 4230 mutabilitate
1140 4180 1498 4238 annorum,
1559 4160 2117 4243 cirographorum
2184 4168 2397 4229 testa-

328 4275 558 4331 mento
635 4270 798 4329 sunt
867 4264 1274 4329 roboranda.
1409 4260 1852 4344 Quapropter
1919 4281 2053 4345 ego
2122 4262 2401 4345 Eadgar

329 4366 540 4431 totius
585 4364 1020 4433 Brittanniae
1083 4362 1405 4439 basileus,
1463 4359 1806 4443 quandam
1862 4361 2127 4427 telluris
2185 4365 2401 4446 parti-

2075 4487 2107 4522 o
2130 4476 2163 4523 s
