3552 5764
944 602 1075 668 1¹72
1452 610 1800 661 anarAs
1845 610 2531 661 Anonosaxomou.

1784 866 2204 935 Mcccxl.

1730 1014 2246 1082 AEDELRED.

1058 1173 1137 1253 ›1‹
1179 1168 1332 1234 Eoo
1385 1165 1799 1233 AEvelredus
1841 1185 1967 1231 rex
2013 1185 2153 1230 una
2193 1186 2350 1230 cum
2393 1166 2639 1231 Emma
2683 1166 2926 1251 regina
2966 1174 3036 1232 et

948 1291 1106 1336 cum
1154 1268 1575 1354 principibus
1629 1266 1826 1343 meis,
1875 1285 2106 1331 coram
2157 1274 2504 1333 conuentu
2561 1266 2672 1332 dei
2721 1267 3037 1332 sacerdo-

946 1378 1093 1436 tum
1134 1367 1721 1445 reuerendissimo‚
1747 1365 2013 1431 scilicet
2049 1367 2344 1431 antistiti
2381 1364 2759 1444 AElfstano‚
2814 1374 3030 1432 terras

952 1469 1351 1537 monasterii
1391 1468 1578 1534 beati
1620 1464 1828 1533 Pauli
1864 1465 2161 1550 apostoli
2203 1486 2378 1551 quas
2415 1486 2461 1531 a
2499 1467 3032 1552 praedecessori-

950 1573 1082 1637 bus
1109 1571 1303 1648 meis,
1324 1570 1473 1633 siue
1502 1588 1547 1632 a
1570 1586 1680 1632 me
1708 1567 2025 1644 donatas,
2053 1586 2176 1632 seu
2198 1587 2244 1632 a
2271 1568 2547 1649 regibus
2575 1567 2884 1651 gentium
2905 1587 3028 1632 ex-

949 1679 1310 1745 terrarum,
1344 1687 1468 1734 seu
1504 1688 1547 1733 a
1578 1666 2024 1752 principibus,
2059 1686 2180 1732 seu
2215 1687 2259 1733 a
2290 1668 2707 1751 quibuslibet
2744 1668 3030 1733 homiui-

950 1772 1079 1837 bus
1112 1790 1239 1837 suo
1268 1768 1804 1835 confirmationis
1845 1767 2237 1833 testimonio
2274 1787 2508 1833 omnes
2543 1768 3033 1853 perpetualiter

948 1869 1393 1955 possidendas
1414 1868 1713 1947 eontuli3
1757 1866 2082 1950 quatinus
2107 1867 2311 1933 michi
2339 1869 2696 1933 criminum
2726 1887 3028 1935 meorum

949 1971 1219 2054 flagitia
1246 1990 1291 2035 a
1323 1967 1596 2034 domino
1640 1968 1844 2032 uenia
1883 1967 2231 2033 relaxetur
2257 1974 2327 2033 et
2357 1968 2790 2033 confusiones
2835 1987 3028 2033 scan-

950 2070 1259 2137 dalorum
1302 2069 1628 2135 scismata
1668 2067 2232 2150 simultatumque
2260 2068 2504 2133 dehinc
2547 2069 2906 2145 aboletur;
2961 2077 3032 2134 et

949 2179 1031 2237 ut
1080 2170 1342 2235 firmius
1400 2168 1569 2233 haec
1617 2167 2006 2233 donationis
2067 2167 2338 2234 cartula
2394 2170 2775 2246 roboretur,
2827 2169 3030 2234 etiam

948 2270 1424 2355 praesentibus
1453 2267 1763 2344 ducibus,
1787 2268 2174 2345 comitibus.
2203 2269 2522 2352 omnique
2549 2269 2786 2335 ordine
2813 2288 3032 2335 sacer-

945 2371 1163 2436 dotali
1202 2368 1534 2433 uexillum
1560 2373 1842 2433 sanctae
1875 2368 2096 2433 crucis
2133 2388 2343 2433 mauu
2390 2369 2670 2453 propria
2705 2369 2926 2445 infixi,
2959 2377 3031 2434 et

949 2477 1164 2537 testes
1194 2468 1477 2533 idoneos
1511 2467 1600 2532 ad
1638 2467 2072 2533 scribendum
2107 2468 2344 2534 eadem
2376 2469 2558 2551 signi
2589 2469 3032 2552 impressione

948 2570 1231 2653 dignum
1258 2567 1522 2645 curaui,
1548 2585 1841 2650 quorum
1887 2588 2208 2633 numerus
2243 2578 2314 2633 et
2343 2569 2618 2634 nomina
2645 2570 2882 2634 subter
2909 2568 3030 2634 ad-

950 2670 1151 2735 nexis
1187 2668 1425 2751 figuris
1472 2674 1959 2749 agnoscuntur.
2060 2667 2135 2733 Si
2176 2668 2332 2751 quis
2379 2688 2568 2748 uero,
2603 2669 2785 2753 quod
2827 2672 3030 2749 absit,

952 2770 1310 2855 tyrannica
1337 2774 1681 2852 potestate
1709 2766 1928 2833 fretus
1956 2775 2080 2833 aut
2106 2768 2291 2833 fastu
2319 2769 2680 2853 superbiae
2707 2770 3032 2851 tumidus,

950 2877 1195 2938 contra
1230 2868 1361 2935 hoc
1407 2868 1755 2934 decretum
1791 2889 1836 2934 a
1866 2889 1976 2934 me
2008 2868 2480 2936 confirmatum
2511 2869 2585 2935 in
2627 2890 2882 2952 magno
2911 2891 3033 2936 seu

952 2973 1023 3038 in
1055 2969 1326 3036 modico
1356 2989 1603 3034 nocere
1634 2975 1757 3034 aut
1788 2969 1988 3034 irrita
2014 2969 2238 3036 facere
2272 2970 2735 3054 temptauerit,
2766 2972 3034 3037 nouerit

952 3092 1029 3137 se
1072 3071 1417 3137 iudicante
1460 3070 1737 3135 domino
1780 3069 1981 3135 uiuos
2021 3090 2106 3135 ac
2143 3077 2448 3136 mortuos
2489 3071 2840 3154 gehennae
2869 3091 3032 3156 sup-

949 3172 1175 3256 pliciis
1201 3171 1449 3236 missus
1478 3176 1981 3254 perpetuasque
2023 3170 2211 3235 luere
2251 3191 2528 3255 poenas.
2640 3172 2719 3255 ›1‹
2760 3171 3033 3238 Valete.

1762 3481 2226 3550 Moccxu.

1734 3622 2251 3691 AEDELRED.

1059 3770 1138 3850 ›1‹
1181 3766 1591 3831 Rucuma
1640 3765 1713 3830 in
1764 3773 2173 3849 perpetuum
2214 3767 2490 3834 domino
2541 3777 2777 3836 nostro
2825 3771 3034 3838 Ihesu

954 3865 1229 3933 Christo
1276 3867 1713 3950 omniumque
1747 3886 1966 3948 regna
2002 3867 2427 3932 saeculorum
2460 3872 2694 3952 magni
2723 3873 3036 3939 modera-

950 3967 1152 4031 minis
1188 3967 1473 4052 imperio
1512 3967 1982 4050 gubernante!
2087 3967 2240 4051 Ego
2269 3967 2592 4035 AEiielred
2639 3972 2855 4056 ipsius
2887 3975 3036 4057 opi-

949 4067 1216 4132 tulante
1240 4069 1466 4149 gratia
1494 4087 1619 4132 rex
1649 4066 2032 4149 Anglorum
2058 4067 2236 4132 inter
2259 4071 2487 4135 uarias
2509 4071 2710 4136 huius
2737 4071 3034 4138 labentis

949 4167 1207 4230 saeculi
1234 4167 1743 4233 uicissitudines
1787 4167 1875 4232 ad
1920 4169 2316 4234 memoriam
2359 4171 2603 4235 reduxi
2635 4172 2934 4255 qualiter
2965 4175 3036 4238 in

945 4273 1254 4349 tempore
1304 4267 1639 4351 pueritiae
1682 4287 1875 4333 meae
1918 4287 2085 4350 erga
2127 4289 2236 4334 me
2285 4278 2556 4352 gestum
2599 4271 2829 4351 fuerit,
2870 4273 3034 4338 dum

947 4374 1143 4449 pater
1179 4386 1373 4431 meus
1416 4388 1541 4433 rex
1588 4367 1890 4452 Eadgar,
1918 4369 2284 4436 uniuersae
2309 4378 2534 4437 terrae
2573 4371 2757 4438 uiam
2801 4374 3032 4458 ing-re-
