3552 5764
963 522 1095 587 126
1460 538 1804 589 cmm-Au
1847 538 2084 589 auom
2095 538 2533 588 saxonica.

963 717 1089 764 seu
1139 700 1214 764 in
1270 716 1399 765 sua
1458 697 1892 783 possessione
1951 708 2080 764 aut
2139 698 2425 763 seruitio
2485 697 2719 763 debito
2779 698 3062 781 priuare

963 800 1433 883 temptauerit,
1472 800 1621 883 ipse
1667 806 1906 865 nostra
1947 798 2268 883 omnique
2309 798 2784 865 benedictione
2829 798 2939 865 dei
2986 806 3061 864 et

968 907 1362 965 sanctorum
1406 900 1553 966 eius
1595 902 1932 983 priuetur,
1982 900 2116 964 nisi
2158 898 2691 983 profundissima
2734 900 3057 965 emenda-

965 1000 1154 1065 tione
1197 998 1371 1065 illud
1414 1000 1759 1083 corrigere
1801 1000 2079 1066 studeat
2119 1007 2195 1065 et
2237 999 2326 1065 ad
2375 1000 2743 1084 pristinum
2791 1006 3056 1065 statum

966 1097 1151 1184 quod
1174 1099 1615 1167 defraudauit
1634 1101 1930 1185 redigat,
1955 1101 2284 1183 scriptum
2317 1109 2426 1167 est
2457 1100 2689 1179 enim,‘
2705 1100 3055 1185 Raptores

965 1206 1037 1265 et
1077 1200 1399 1285 sacrilegi
1459 1220 1747 1285 regnum
1817 1202 1929 1267 dei
1979 1220 2117 1267 non
2169 1201 2720 1286 consequentur.'
2845 1200 3056 1267 Nunc

965 1307 1195 1365 autem
1253 1309 1539 1386 propter
1600 1302 1804 1367 deum
1855 1310 1928 1368 et
1978 1308 2288 1367 sanctam
2339 1302 2662 1380 Mariam,
2722 1299 2794 1365 in
2855 1303 3056 1367 cuius

963 1402 1235 1466 nomine
1282 1402 1411 1467 hoc
1454 1402 1950 1468 monasterium
1979 1402 2284 1467 dicatum
2315 1409 2448 1481 est,
2477 1422 2722 1468 moneo
2755 1409 2826 1468 et
2851 1421 3058 1486 prae-

961 1501 1167 1585 cipio,
1201 1508 1283 1567 ut
1312 1500 1503 1567 nullo
1530 1504 1735 1568 modo
1762 1503 1918 1587 quis
1950 1501 2081 1568 hoc
2113 1504 2596 1587 praeuaricare
2623 1502 2898 1582 audeat,
2927 1504 3052 1569 sed

959 1601 1143 1667 sicut
1173 1621 1217 1667 a
1249 1603 1447 1668 nobis
1474 1610 1814 1669 statutum
1845 1610 1976 1682 est,
2003 1609 2086 1668 ut
2117 1603 2413 1687 praefati
2443 1622 2702 1681 sumus,
2731 1612 3058 1688 perpetu-

962 1702 1165 1767 aliter
1222 1710 1517 1768 maneat.
1650 1702 1794 1784 Qui
1859 1704 2280 1782 custodierit,
2340 1705 2528 1769 omni
2579 1704 3054 1771 benedictione

960 1803 1350 1887 repleatur3
1398 1804 1519 1889 qui
1560 1822 1729 1870 uero
1772 1804 2182 1887 infringerit,
2226 1804 2676 1870 maledicetur
2701 1824 2746 1870 a
2773 1804 3051 1871 domino

962 1910 1033 1968 et
1064 1904 1155 1967 ab
1187 1904 1505 1969 omnibus
1530 1904 1817 1984 sanctis,
1850 1904 2098 1971 Amen.
2199 1904 2602 1984 Gratanter,
2635 1906 3052 1971 reuerentis-

962 2004 1136 2068 sime
1166 2004 1465 2083 domine,
1498 2023 1636 2089 quo
1663 2006 1880 2071 tantis
1913 2013 2076 2071 tuae
2118 2004 2317 2071 donis
2346 2006 2774 2086 clementiae,
2807 2026 3054 2072 secun-

960 2103 1125 2167 dum
1156 2104 1339 2189 quod
1391 2106 1609 2170 totius
1654 2106 1984 2171 creatoris
2035 2106 2252 2171 cosmi
2293 2114 2399 2172 est
2449 2106 2653 2184 uelle,
2697 2106 3049 2191 praeditus

962 2221 1143 2283 sum,
1172 2223 1373 2270 meae
1403 2224 1685 2289 operam
1716 2207 2125 2286 uoluntatis,
2159 2213 2236 2271 ut
2273 2226 2402 2291 pro
2432 2213 2503 2272 te
2535 2208 2812 2291 tuisque
2843 2208 3050 2272 deum

962 2303 1219 2387 iugiter
1242 2304 1698 2390 interpellem,
1732 2306 2028 2372 deuotus
2070 2307 2485 2391 impendam,
2535 2326 2861 2392 meosque
2888 2326 3050 2373 suc-

960 2422 1269 2470 cessores
1298 2404 1389 2470 ad
1428 2404 1561 2471 hoc
1602 2404 1865 2472 hortari
1896 2407 2212 2487 studebo,
2254 2414 2336 2474 ut
2372 2407 2632 2473 domini
2659 2407 3046 2474 misericov

957 2503 1145 2570 diam
1186 2524 1315 2589 pro
1343 2512 1414 2571 te
1444 2504 1799 2591 deprecari
1840 2525 1978 2572 non
2018 2506 2359 2586 desinant,
2406 2515 2485 2574 ut
2521 2508 2838 2574 Christus
2871 2527 3047 2593 pace

959 2602 1081 2688 qui
1122 2604 1455 2688 perhenni
1496 2616 1746 2691 regnat
1788 2606 2081 2674 aethrali
2123 2610 2195 2674 in
2228 2628 2388 2674 arce
2419 2616 2491 2674 te
2519 2610 2868 2675 consortio
2899 2609 3055 2693 dig-

960 2722 1126 2770 num
1196 2704 1433 2771 haberi
1510 2705 1834 2791 dignetur
1902 2715 2300 2775 sanctorum
2364 2711 2666 2775 omnium
2735 2709 2812 2775 in
2885 2710 3052 2775 aula

960 2805 1268 2872 coelesti.
1356 2806 1610 2873 Ualeat
1642 2810 1715 2873 in
1761 2828 2013 2875 aeuum
2058 2810 2180 2896 qui
2225 2810 2356 2876 hoc
2397 2809 2743 2876 studuerit
2767 2830 3050 2876 seruare

956 2905 1329 2974 decretum.
1432 2907 1705 2976 Harum
1754 2917 1998 2977 textus
2041 2911 2487 2995 epistolarum
2539 2919 2683 2977 tres
2737 2920 2900 2978 sunt
2950 2911 3044 2977 ad

954 3008 1583 3090 praetitulationem
1637 3019 1709 3077 et
1752 3012 1844 3078 ad
1889 3011 2189 3096 signum,
2237 3031 2380 3077 una
2431 3013 2502 3077 in
2550 3013 2708 3096 ipsa
2755 3013 3044 3080 ciuitate

955 3125 1136 3190 quae
1193 3117 1484 3175 uocatur
1548 3111 2110 3195 Uuigraceaster,
2176 3111 2396 3178 altera
2456 3132 2614 3178 cum
2670 3113 3048 3179 uenerabili

955 3207 1322 3275 Dunstano
1394 3209 1913 3297 archiepiscopo
1981 3213 2056 3277 in
2131 3211 2530 3292 Cantuaria,
2605 3214 2813 3279 tertia
2885 3233 3040 3280 cum

954 3307 1418 3376 AEveluuoldo
1446 3311 1772 3398 episcopo
1799 3315 1871 3379 in
1901 3312 2285 3378 Uuintonia
2311 3313 2617 3378 ciuitate.

947 3506 992 3571 h
1047 3407 1306 3575 {uber-(2130.
1410 3411 1804 3478 Indiculnm
1851 3412 2194 3479 libertatis
2257 3413 2345 3480 de
2399 3413 2760 3480 Oswaldes
2825 3413 3042 3480 lawes

995 3528 1088 3574 un
1138 3531 1173 3574 r
1264 3558 1282 3574 .
2321 3567 2332 3574 .

1616 3729 2372 3799 MCGLXXXVIII.

1518 3883 2036 3961 AEDELRED,
2078 3883 2464 3950 965-993.

1054 4019 1143 4104 »Β
1160 4015 1320 4086 Dsss
1350 4010 1607 4086 νῶι-οτι
1636 4023 1733 4084 '6a
1760 4036 1930 4082 seox
1955 4017 2214 4100 sulung
2238 4023 2329 4081 aet
2345 4005 2767 4082 Wuldah‘am
2799 4021 3040 4081 sancte

948 4116 1228 4184 Andrea
1266 4121 1548 4202 geseald
1589 4110 1743 4184 intb‘
1782 4116 2332 4183 Hrofesceastre.
2435 4114 2854 4200 AEvelbryht
2886 4115 3040 4181 cine

948 4219 1050 4284 hit
1090 4209 1443 4301 gebficode
1473 4209 1639 4287 ’sam
1684 4219 1999 4302 apostole
2038 4236 2128 4282 on
2172 4209 2295 4283 e'ce
2347 4217 2497 4302 yrfe
2551 4218 2687 4282 and
2738 4205 3038 4283 betffihte

946 4318 1049 4384 hit
1074 4306 1239 4385 {fam
1284 4319 1563 4405 biscope
1610 4309 1941 4385 Eiirdulfe
1975 4307 2051 4383 t6
2083 4319 2467 4384 bewitenne
2505 4318 2638 4384 and
2677 4317 2782 4382 his
2813 4315 3040 4384 aester-
