3552 5764
976 630 1321 681 eunus
1363 631 2052 682 AucmsAxochn.
2438 616 2563 681 141

464 786 881 854 honorificas
928 809 1057 855 suo
1120 790 1365 855 factori
1422 789 1784 855 exsoluere
1843 808 1981 855 non
2035 796 2142 855 est
2190 798 2560 857 cunctatus

466 890 755 970 gratias,
778 889 941 973 quid
974 895 1248 955 constat
1276 889 1461 967 mihi,
1496 890 1584 955 ab
1612 890 1766 973 ipso
1796 890 2099 954 omnium
2128 891 2562 957 distributori

466 988 884 1071 dignitatum
911 998 1023 1055 sat
1045 989 1457 1057 redundanti
1486 989 1743 1055 collata
1770 997 2141 1073 potestate,
2171 1010 2214 1055 a
2243 992 2557 1075 plebibus

466 1109 743 1172 quoque
801 1109 981 1174 quae
1031 1098 1309 1157 nostrae
1350 1090 1569 1174 regali
1622 1090 2158 1175 circumquaque
2203 1093 2562 1159 subiacent

466 1188 719 1255 dicioni
762 1190 1089 1256 AEtselred
1144 1190 1612 1275 agnominato,
1656 1190 1718 1254 si
1766 1196 1840 1255 et
1881 1191 2262 1275 supradicti
2319 1212 2558 1259 norma

468 1290 649 1354 uatis
682 1290 901 1374 ipsius
930 1310 1179 1356 nomen
1211 1291 1426 1375 digna
1464 1289 1800 1357 extollere
1843 1290 2046 1356 lande
2079 1309 2219 1356 non
2250 1291 2558 1358 differam

468 1391 985 1475 promptissima
1029 1391 1421 1470 deuotione,
1452 1411 1538 1456 ea
1574 1408 1754 1474 quae
1801 1391 1891 1455 ab
1928 1391 2082 1473 ipso
2121 1391 2288 1457 mibi
2322 1393 2410 1457 de
2449 1395 2560 1461 die

469 1490 541 1554 in
600 1490 783 1555 diem
834 1493 1276 1576 proueniunt,
1325 1491 1471 1555 suis
1524 1497 1733 1575 prout
1790 1490 2121 1574 cuiusque
2179 1493 2556 1561 necessitas

466 1592 859 1673 poposcerit
903 1591 1375 1657 distribuendo
1422 1590 1772 1671 fidelibus;
1819 1609 2062 1656 uerum
2102 1599 2182 1657 ut
2221 1596 2558 1661 sermonis

468 1690 741 1757 initium
776 1690 861 1757 ad
902 1700 1165 1757 certum
1202 1692 1616 1775 perducatur
1653 1690 1883 1768 finem,
1911 1692 2256 1775 quandam
2285 1714 2557 1778 posses·

466 1790 682 1856 sionis
720 1792 1043 1875 propriae
1082 1791 1398 1858 tellurem
1446 1807 1609 1857 .xx.
1652 1790 1916 1856 scilicet
1949 1810 2032 1857 ac
2078 1807 2237 1858 ,ηιμ
2289 1814 2559 1861 mansa-

468 1910 621 1955 rum
656 1892 748 1956 ab
778 1892 1117 1976 indigenis
1160 1898 1257 1957 aet
1300 1891 1684 1957 Dumoltun
1724 1891 2170 1976 appellatam,
2203 1893 2559 1980 tribusque

468 1990 543 2054 in
606 1991 779 2057 locis
846 1993 1315 2069 disiacentem,
1383 2010 1536 2057 meo
1600 1990 1968 2056 admodum
2044 1992 2230 2058 fideli
2296 1994 2556 2079 largior

470 2091 966 2175 archipraesuli
1018 2092 1330 2171 AElfrico,
1390 2108 1596 2176 quam
1650 2090 1800 2175 ipse
1856 2110 1901 2156 a
1948 2111 2058 2157 me
2104 2112 2260 2158 cum
2310 2104 2404 2161 .1·.
2450 2104 2558 2162 ta-

469 2190 677 2256 lentis
727 2193 1056 2276 exigebat
1103 2193 1489 2276 ponderosa
1545 2191 2018 2257 trutinationis
2079 2194 2350 2276 publice
2401 2216 2559 2279 pro-

468 2292 651 2357 batis
673 2291 1105 2373 liberatione3
1132 2312 1312 2377 quae
1336 2292 1560 2377 portio
1588 2298 1814 2357 terrae
1836 2291 2192 2358 cuiusdam
2220 2295 2555 2362 foeminae

468 2390 838 2458 fornicaria
905 2392 1492 2477 praeuaricatione
1558 2391 1868 2457 mihimet
1927 2392 2202 2477 uulgari
2267 2397 2560 2463 subacta

470 2500 579 2557 est
625 2493 1017 2559 traditione.
1122 2492 1372 2577 Itaque
1414 2500 1493 2558 ut
1532 2492 1834 2559 diximus
1878 2494 2186 2559 terminis
2227 2495 2560 2563 diuiditur

470 2592 541 2655 in
576 2592 749 2658 locis
784 2610 879 2659 .x.
916 2602 987 2659 et
1020 2611 1168 2659 Νη.
1198 2593 1269 2658 in
1303 2592 1713 2659 occidentali
1740 2600 1940 2678 parte
1973 2593 2271 2660 fluminis
2305 2597 2557 2681 Esing-

470 2693 765 2771 burnan,
788 2696 1145 2760 continens
1172 2713 1472 2771 mansas,
1501 2712 1585 2758 ac
1613 2693 1789 2759 duas
1811 2693 1882 2759 in
1913 2695 2228 2761 orientali
2253 2698 2554 2763 eiusdem

476 2794 802 2859 torrentis
848 2794 1146 2872 climate,
1199 2801 1385 2859 sorte
1430 2813 1826 2859 communes
1873 2794 2190 2879 populari
2246 2804 2340 2861 aet
2389 2798 2561 2863 Eas-

474 2903 660 2973 tune,
716 2914 981 2962 necnon
1028 2903 1099 2961 et
1146 2913 1238 2961 .V.
1288 2894 1459 2962 locis
1512 2894 1848 2959 siluaticis
1897 2896 1968 2959 in
2017 2903 2308 2979 utraque
2358 2906 2555 2981 parte

472 2995 679 3060 riuuli
710 2997 829 3079 qui
860 2995 1225 3061 Piduuella
1254 2993 1666 3081 appellatur,
1692 2994 2030 3078 huiusque
2058 3015 2396 3078 agnomen
2423 2997 2557 3064 loci

475 3105 569 3161 aet
616 3095 923 3162 Fleferht
968 3096 1241 3162 dicitur.
1332 3095 1429 3161 Et
1464 3093 1598 3159 boc
1640 3093 2004 3158 definimus
2047 3100 2127 3159 ut
2167 3097 2558 3178 praedictus

474 3195 785 3280 pontifex
836 3196 967 3262 boc
1000 3197 1255 3261 donum
1294 3195 1425 3259 sibi
1457 3194 1785 3278 quamdiu
1819 3195 2101 3272 uixerit,
2144 3214 2300 3260 cum
2335 3199 2553 3263 omni-

473 3297 603 3362 bus
656 3297 748 3361 ad
801 3315 877 3362 se
931 3297 1061 3362 rite
1114 3295 1635 3380 pertinentibus,
1692 3294 1977 3379 campis,
2031 3294 2252 3374 siluis,
2312 3299 2554 3380 pratis,

474 3398 773 3479 pascuis,
808 3396 1257 3479 confiniisque
1298 3395 1637 3460 siluaticis
1674 3395 1859 3460 omni
1900 3395 2231 3460 mundiali
2271 3399 2556 3464 seruitio

472 3497 821 3580 possideat
886 3497 1329 3574 liberrimum,
1394 3495 1615 3561 tribus
1690 3495 2022 3578 exceptis,
2095 3497 2555 3580 expeditione,

472 3599 651 3663 arcis
698 3616 819 3662 seu
869 3597 1097 3681 pontis
1152 3596 1679 3662 constructione.
1805 3594 1946 3675 Qui
1989 3615 2155 3661 uero
2200 3597 2332 3662 hoc
2382 3617 2554 3682 ang-

472 3705 778 3764 mentare
842 3696 1165 3774 noluerit,
1239 3705 1579 3779 augeatur
1644 3697 1709 3760 ei
1775 3696 2161 3762 benedictio
2232 3717 2555 3781 superna.

474 3797 613 3878 Qui
674 3807 907 3864 autem
952 3798 1257 3862 minuere
1314 3797 1757 3880 temptauerit
1805 3796 1920 3862 uel
1978 3796 2161 3862 aliud
2210 3797 2376 3880 quid
2438 3801 2554 3864 ad-

470 3898 809 3965 inuenerit
854 3897 1385 3974 contrarietatis,
1432 3915 1553 3961 seu
1604 3896 2056 3980 antiquiorem
2105 3895 2336 3962 forsan
2397 3919 2556 3982 pro-

470 3999 750 4066 duxerit
806 3997 1179 4074 scedulam,
1240 4016 1283 4062 a
1340 3996 1850 4061 christianismo
1919 3996 2552 4082 anathematizetur,

471 4099 947 4181 latrociniique
981 4098 1261 4164 crimine
1286 4097 1689 4179 obiurgetur
1728 4097 1801 4160 ni
1837 4098 2245 4180 quantocius
2279 4099 2556 4184 resipis-

472 4209 605 4265 cat.
744 4199 883 4264 His
945 4199 1145 4264 metis
1215 4197 1387 4262 baec
1456 4196 1661 4261 tellus
1730 4196 2050 4279 cingitur.
2183 4197 2418 4265 AErest
2478 4193 2554 4268 t6

474 4291 859 4366 Dnmeltiin
916 4288 1156 4365 e‘astan
1209 4316 1300 4364 on
1351 4297 1878 4379 Esingburnan;
1924 4303 2152 4363 ’Sanun
2206 4291 2434 4365 sfi’san
2481 4302 2565 4366 of

472 4399 957 4484 Esingburnan
988 4398 1473 4465 westweardes
1503 4396 1808 4480 andlang
1845 4389 2069 4478 dices3
2105 4404 2250 4466 vaet
2277 4391 2426 4467 sw‘a
2455 4393 2554 4486 iip
