3552 5764
915 599 963 664 6
1431 619 1774 669 cnaeus
1826 619 2514 670 AncmsAxochB.

917 774 1034 839 cui
1060 774 1400 840 aecclesia
1426 782 1602 856 tota,
1637 777 1963 843 uidelicet
1986 777 2347 855 catholica,
2382 795 2688 842 consona
2710 793 2885 840 uoce
2912 774 3017 840 al-

919 875 1250 941 tiboando
1277 877 1686 960 proclamat,
1714 877 1975 943 ‘Beata
2003 899 2079 944 es
2110 879 2309 961 uirgo
2337 878 2569 942 Maria
2590 894 2767 961 quae
2790 875 3013 941 credi-

917 974 1116 1057 disti3
1167 977 1609 1061 perficientur
1639 979 1713 1042 in
1735 986 1807 1044 te
1832 999 2013 1064 quae
2044 979 2231 1045 dicta
2254 985 2420 1044 sunt
2454 978 2583 1043 tibi
2616 996 2661 1042 a
2688 975 3015 1040 domino.'

919 1073 1182 1142 Mirum
1211 1077 1442 1144 dictu!
1497 1080 1898 1145 incarnatur
1930 1080 2217 1158 uerbum
2250 1087 2323 1143 et
2350 1079 2852 1162 incorporatur,
2876 1076 3012 1141 sci-

915 1175 1081 1242 licet
1103 1176 1299 1256 illud,
1327 1177 1414 1243 de
1442 1197 1582 1260 quo
1609 1180 2093 1263 euuangelista
2109 1179 2624 1264 supereminens
2656 1179 3015 1242 uniuerso-

915 1295 1069 1341 rum
1149 1277 1511 1344 altitudine
1573 1299 1897 1345 sensuum
1950 1281 2197 1365 inquit,
2257 1286 2277 1317 ‘
2300 1279 2388 1344 In
2453 1279 2789 1365 principio
2864 1285 3017 1342 erat

915 1377 1225 1458 uerbum,
1288 1385 1360 1443 et
1419 1381 1708 1445 uerbum
1769 1389 1923 1445 erat
1976 1381 2159 1465 apud
2221 1380 2452 1459 deum,
2508 1386 2581 1444 et
2640 1377 2812 1443 deus
2863 1386 3017 1443 erat

916 1479 1247 1556 uerbum,’
1293 1486 1366 1545 et
1414 1480 1705 1565 reliqua.
1809 1479 1994 1560 Qua,
2036 1481 2382 1560 uidelicet,
2412 1485 2689 1563 sumpta
2734 1479 2821 1543 de
2868 1480 3012 1542 uir-

912 1577 1074 1658 gine
1121 1579 1618 1659 incarnatione,
1662 1582 1989 1665 antiquae
2034 1581 2325 1664 uirginis
2376 1580 2644 1646 facinus
2695 1580 3014 1657 demitur,

913 1684 985 1741 et
1040 1679 1306 1744 cunctis
1365 1681 1767 1746 mulieribus
1822 1681 2058 1746 nitidis
2114 1681 2521 1766 praecluens
2584 1679 3013 1746 taumatibus

913 1777 1122 1843 decus
1170 1781 1540 1863 irrogatur.
1665 1782 1948 1848 Intacta
1976 1783 2195 1866 igitur
2224 1781 2579 1847 redolente
2610 1779 2871 1845 Christi
2906 1779 3011 1842 di-

911 1878 1230 1960 uinitate,
1269 1899 1615 1965 passaque
1648 1883 1867 1966 ipsius
1918 1882 2371 1960 humanitate,
2404 1881 2689 1946 libertas
2722 1879 3015 1945 addictis

909 1977 1285 2044 clementer
1326 1982 1623 2064 contigit
1669 1982 1987 2047 seruulis.
2090 1983 2280 2049 Hinc
2325 2003 2456 2064 ego
2503 1981 2806 2064 Eadgar,
2860 1981 3013 2045 alti-

911 2077 1162 2145 throno
1205 2081 1795 2162 amminiculante,
1824 2079 2209 2166 Anglorum
2246 2091 2810 2164 caeterarumque
2847 2100 3014 2163 gen-

909 2179 1082 2243 tium
1126 2179 1200 2243 in
1241 2179 1534 2246 circuitu
1587 2183 1924 2247 triniatim
1984 2184 2500 2267 persistentium
2554 2182 2884 2259 basileuS,
2932 2189 3013 2246 ut

910 2275 1114 2344 huius
1161 2280 1501 2347 libertatis
1543 2281 1903 2348 altithroni
1946 2283 2397 2350 moderatoris
2450 2282 2819 2350 clementia
2868 2301 3011 2346 me-

909 2397 1069 2444 rear
1114 2379 1427 2446 obtinere
1480 2383 1927 2460 consortium,
1978 2404 2143 2450 rura
2191 2404 2372 2468 quae
2420 2384 2585 2449 olim
2636 2402 2681 2448 a
2730 2383 3012 2467 praede-

909 2481 1298 2545 cessoribus
1340 2483 1596 2548 nostris
1647 2483 1907 2565 largita
1950 2494 2139 2564 sunt,
2186 2485 2443 2550 iniuste
2493 2485 2583 2549 ab
2618 2482 3013 2548 infidelibus

911 2578 1256 2660 quondam
1291 2583 1665 2662 abstracta,
1717 2585 1793 2648 in
1844 2583 2144 2669 Gaeging
2192 2584 2516 2651 uidelicet
2560 2601 2662 2649 .x.
2706 2601 3008 2661 mansas,

908 2678 980 2742 in
1015 2678 1228 2746 Gosie
1260 2697 1411 2748 ‚xm
1462 2683 1534 2747 in
1559 2681 1857 2750 Weorlie
1885 2701 2107 2750 ‚xxx
2161 2685 2234 2751 in
2264 2684 2690 2752 Earmundes
2728 2684 2885 2750 leah
2918 2701 3010 2749 .ν.

911 2775 1450 2846 Abbandunensi
1533 2785 1911 2850 aecclesiae
1980 2787 2352 2851 restituens
2426 2786 2701 2851 domino
2772 2791 3009 2851 nostro

909 2879 1196 2965 eiusque
1241 2882 1554 2966 genitrici
1588 2884 1881 2965 Mariae,
1927 2887 2017 2951 ad
2064 2906 2267 2953 usum
2308 2887 2798 2953 monachorum
2840 2886 3008 2951 inibi

908 2981 1307 3064 degentium
1367 2991 1649 3050 aeterna
1703 2986 1998 3070 largitus
2050 3008 2203 3053 sum
2256 2988 2701 3053 haereditate.
2826 2984 3009 3051 Gra-

909 3084 1089 3147 tuita
1115 3082 1352 3149 itidem
1403 3086 1657 3150 domini
1706 3089 1937 3169 gratia
1976 3088 2365 3168 instinctus,
2408 3088 2763 3154 monachis
2806 3107 3005 3171 prae-

909 3180 1054 3247 sato
1103 3180 1652 3251 Abbandunensi
1707 3187 2120 3271 regulariter
2158 3188 2591 3272 degentibus,
2646 3188 3011 3253 monastici

909 3289 1259 3349 aeternam
1307 3286 1657 3369 priuilegii
1703 3295 1787 3354 ut
1828 3288 2390 3371 praedecessores
2446 3289 2665 3354 nostri
2706 3287 3007 3353 concedo

908 3380 1323 3462 libertatem,
1351 3393 1695 3467 quatenus
1727 3396 1889 3471 post
1926 3388 2280 3454 decessum
2324 3388 2766 3455 AEbeluuoldi
2794 3389 3010 3453 abba·

910 3483 1002 3546 tis
1042 3485 1370 3567 aegregii,
1426 3486 1622 3551 cuius
1671 3488 2093 3571 temporibus
2145 3489 2317 3555 haec
2358 3490 2697 3556 libertatis
2739 3496 3008 3554 restau-

912 3583 1113 3663 ratio,
1140 3583 1420 3649 Christo
1452 3586 1901 3669 suffragante,
1924 3608 2256 3656 concessa
2287 3598 2417 3669 est,
2446 3610 2655 3675 quem
2690 3590 2825 3654 sibi
2852 3590 3009 3655 uni-

911 3702 1114 3749 uersa
1161 3684 1454 3768 praefati
1493 3688 1805 3753 coenobii
1847 3691 2293 3773 congregatio
2331 3699 2498 3775 apto
2526 3690 2814 3773 elegerit
2843 3708 3009 3755 con·

909 3782 1091 3861 silio,
1149 3786 1525 3851 secundum
1581 3788 1932 3871 regularia
1997 3791 2185 3857 beati
2249 3791 2611 3857 Benedicti
2664 3791 3007 3868 instituta,

911 3884 1233 3950 abbatem
1274 3889 1458 3952 iuste
1500 3906 1590 3953 ex
1633 3888 1874 3955 eodem
1924 3888 2214 3957 fratrum
2266 3912 2483 3957 cuneo
2528 3891 2791 3974 eligens
2846 3909 3011 3955 con-

913 3982 1078 4048 stitu
1087 3992 1181 4050 at.
1283 3988 1519 4053 Huius
1571 3989 1920 4075 priuilegii
1962 3990 2247 4058 libertas
2295 3992 2619 4077 deinceps
2664 4010 2799 4056 usu
2850 4010 3007 4075 per-

913 4089 1121 4166 petuo
1177 4102 1223 4149 a
1264 4090 1529 4154 cunctis
1574 4097 1894 4156 teneatur
1933 4092 2318 4172 catholicis,
2350 4112 2477 4159 nec
2519 4100 3007 4158 extraneorum

913 4183 1281 4267 quispiam,
1338 4189 1690 4269 tyrranica
1750 4192 1967 4258 fretus
2026 4195 2481 4273 contumacia,
2532 4194 2603 4258 in
2652 4191 3007 4277 praedicto

913 4286 1330 4349 monasterio
1364 4288 1472 4352 ius
1501 4290 1834 4373 arripiens
1880 4300 2203 4359 exerceat
2249 4294 2638 4379 potestatis,
2671 4294 2795 4358 sed
2824 4294 3006 4357 eius-

911 4383 1069 4449 dem
1111 4386 1423 4453 coenobii
1454 4386 1823 4473 collegium
1868 4402 2265 4477 perpetuae,
2309 4402 2387 4460 ut
2431 4394 2769 4479 praedixi,
2800 4392 3006 4459 liber·
