3552 5764
934 598 1275 651 camus
1320 602 2012 653 ANGmSAonmAB.
2388 590 2520 657 169

424 758 601 823 wold
632 758 999 841 episcopus
1032 758 1421 839 conquieui.
1532 760 1619 845 »14
1659 760 1811 842 Ego
1855 761 2104 827 Eadric
2148 762 2317 827 dux.
2423 765 2502 845 »14

422 859 573 941 Ego
622 857 876 921 AElsric
930 856 1097 921 dux.
1205 858 1292 943 »14
1346 858 1495 941 Ego
1554 859 1904 925 Leofwine
1950 861 2118 927 dux.
2227 864 2314 949 »14
2361 864 2512 947 Ego

420 958 688 1025 Uhtred
710 958 879 1021 dux.
985 957 1072 1042 »14
1104 956 1255 1039 Ego
1279 958 1656 1024 AEsselmaer
1676 959 1846 1025 dux.
1954 962 2041 1047 »14
2071 961 2223 1044 Ego
2249 962 2507 1029 Godric

420 1060 588 1123 dux.
687 1059 774 1144 »14
817 1057 968 1139 Ego
1000 1057 1361 1123 Eadmund
1377 1059 1585 1143 clyto.
1698 1061 1778 1141 »14
1813 1060 1964 1143 Ego
1987 1060 2279 1145 Eadwig
2300 1062 2510 1147 clyto.

421 1160 508 1245 »14
546 1158 703 1241 Ego
724 1156 1105 1222 Eadweard
1127 1158 1335 1241 clyto.
1393 1160 1480 1245 »14
1520 1159 1671 1241 Ego
1700 1160 1966 1225 AElfred
1984 1160 2191 1245 clyto.
2241 1164 2328 1249 »14
2358 1163 2509 1246 Ego

424 1258 829 1323 Beorhtraed
866 1258 1081 1322 abbas
1110 1257 1403 1323 libenter
1426 1260 1784 1325 annotaui.
1896 1263 1975 1343 »14
2011 1262 2163 1345 Ego
2185 1262 2513 1345 Wulfgar

420 1360 641 1424 abbas
682 1358 1035 1422 humiliter
1065 1359 1399 1423 consensi.
1512 1360 1591 1440 »14
1634 1360 1788 1443 Ego
1815 1360 2112 1445 AElfsige
2146 1363 2362 1427 abbas
2397 1364 2514 1429 be-

422 1460 724 1541 nigniter
755 1458 1140 1523 subarraui.
1247 1459 1334 1544 »14
1372 1458 1526 1541 Ego
1566 1458 1858 1525 AElfnovs
1897 1462 2112 1526 abbas
2155 1470 2516 1545 gratanter

421 1559 707 1624 muniui.
796 1560 875 1640 »14
906 1557 1057 1640 Ego
1083 1557 1451 1624 Brihtmaer
1476 1560 1692 1624 abbas
1712 1559 2083 1627 clementer
2111 1564 2508 1647 subscripsi.

436 1662 515 1742 »14
556 1658 713 1742 Ego
761 1656 1085 1741 Ulfkytel
1117 1658 1449 1725 minister.
1583 1662 1662 1742 »14
1704 1660 1858 1743 Ego
1897 1660 2238 1727 Godwine
2276 1663 2512 1727 minis-

425 1767 551 1824 ter.
718 1759 797 1839 »14
868 1758 1021 1841 Ego
1076 1756 1357 1841 AElfgar
1431 1759 1763 1824 minister.
1920 1764 1999 1844 »14
2077 1762 2232 1846 Ego
2311 1763 2514 1828 Odda

426 1860 757 1924 minister.
894 1858 973 1941 »14
1034 1857 1188 1940 Ego
1244 1858 1682 1925 AE’Selweard
1739 1860 2072 1927 minister.
2216 1865 2295 1945 »14
2355 1863 2510 1946 Ego

430 1959 751 2041 Wulfgar
798 1958 1131 2024 minister.
1266 1960 1345 2043 »14
1398 1960 1553 2044 Ego
1604 1959 1924 2027 AElfmaer
1975 1962 2306 2029 minister.
2419 1964 2498 2044 »14

426 2058 575 2143 Ego
602 2057 1009 2125 Wulfwerd.
1538 2096 1548 2103 -

1282 2274 1660 2343 Mcccx.

1082 2415 1599 2498 AEDELRED‚
1642 2418 1840 2486 1015.

526 2561 605 2641 »14
668 2559 1010 2625 Rumam
1070 2566 1141 2625 et
1191 2558 1553 2625 ineffabilis
1614 2560 2057 2644 almifluaque
2119 2560 2506 2629 diuinitatis

422 2660 739 2725 mai-atas
766 2662 841 2724 in
872 2680 948 2725 se
975 2661 1396 2726 inmutabilis
1429 2681 1880 2745 perseuerans
1912 2662 2200 2728 liberum
2234 2665 2502 2730 cunctis

422 2761 759 2825 concessit
788 2760 1189 2825 mortalibus
1221 2762 1581 2827 arbitrium
1604 2768 1684 2827 ut
1706 2768 1947 2827 sancte
1964 2770 2036 2827 et
2055 2764 2238 2828 iuste
2257 2764 2506 2846 pieque

421 2860 757 2938 uiuentes,
800 2867 924 2926 aut
952 2861 1025 2925 in
1066 2862 1464 2928 summitate
1496 2861 1814 2946 polorum
1849 2862 2162 2944 angelica
2191 2862 2508 2928 fruantur

420 2961 772 3039 beatitate,
802 2962 916 3026 uel
947 2962 1413 3028 inobedientes
1446 2961 1832 3045 praeceptis
1873 2961 2060 3026 illius
2101 2963 2504 3042 existentes,

418 3079 571 3126 cum
598 3061 921 3127 tartareis
950 3063 1281 3127 ministris
1309 3061 1628 3126 infernali
1654 3061 2066 3126 claudantur
2090 3061 2502 3127 calamitate.

420 3158 693 3226 Idcirco
750 3163 915 3227 totis
967 3160 1421 3244 satagendum
1474 3167 1583 3226 est
1640 3161 1900 3227 uiribus
1947 3169 2026 3228 ut
2081 3161 2203 3244 qui
2258 3163 2506 3248 opibus

418 3259 822 3326 habundant
864 3263 1248 3341 mundaum,
1283 3280 1441 3327 cum
1480 3262 1772 3326 terrenis
1805 3261 2192 3346 olympica,
2227 3281 2310 3328 ac
2341 3283 2498 3328 cum

418 3361 695 3428 caducis
738 3381 1084 3442 mansura,
1112 3381 1405 3444 cumque
1446 3361 1860 3427 transitoriis
1902 3370 1976 3427 et
2013 3364 2503 3429 momentaneis

419 3463 623 3526 rebus
660 3469 996 3546 perpetua
1036 3465 1429 3528 mercantur
1465 3462 1886 3540 habitacula,
1921 3462 2037 3528 ubi
2079 3463 2502 3528 omnitenens

412 3561 725 3628 conditor
765 3564 979 3628 cosmi
1021 3563 1093 3628 in
1125 3565 1327 3628 trinis
1368 3563 1824 3628 essentialiter
1860 3562 2166 3628 existens
2197 3564 2503 3647 personis

418 3670 487 3727 et
536 3683 679 3728 uno
716 3663 1265 3729 substantialiter
1312 3681 1719 3746 permanens
1768 3672 2110 3742 onomate,
2145 3664 2504 3749 ymnidicis

414 3763 913 3847 circumseptus
938 3763 1335 3846 angelorum
1368 3764 1665 3847 undique
1688 3763 1941 3842 choris,
1967 3763 2410 3829 inennarabili
2432 3773 2502 3830 et

416 3862 883 3946 inuestigabili
914 3863 1183 3947 fulgore
1216 3862 1599 3948 splendenti
1630 3864 1884 3930 residet
1911 3863 2110 3942 solio,
2149 3864 2263 3928 ubi
2294 3865 2500 3929 etiam

408 3963 841 4028 coruscantia
872 3965 1371 4047 patriarcarum
1411 3963 1692 4046 agmina
1736 3983 1819 4029 ac
1867 3964 2171 4029 ueridica
2203 3964 2498 4048 prophe-

416 4071 643 4128 tarum
696 4065 1301 4149 apostolorumque
1350 4064 1555 4129 turba
1601 4071 1673 4129 et
1726 4066 2084 4130 beatorum
2130 4065 2502 4130 uictoriosa

412 4173 791 4248 martyrum
854 4171 1157 4244 caterua,
1216 4184 1477 4230 necnon
1540 4172 1615 4230 et
1672 4164 1979 4246 gloriosa
2035 4163 2496 4230 consessorum

418 4266 899 4348 uirginumque
967 4274 1219 4340 turma,
1291 4265 1412 4330 sed
1491 4273 1563 4330 et
1641 4264 2023 4329 clarissima
2095 4273 2496 4331 cunctarum

418 4365 815 4432 coelestium
868 4367 1203 4432 uirtutum
1247 4365 1536 4443 familia,
1588 4366 1661 4429 in
1705 4363 2034 4449 perhenni
2079 4364 2300 4448 gloria
2341 4387 2496 4433 cum
