3552 5764
1000 632 1341 682 GHARTAB
1384 633 2069 686 Anomssxomcsn.
2444 622 2576 685 155

484 774 845 853 Wulfst‘an
882 787 1367 875 archebisceop
1400 793 1538 857 and
1578 792 1830 878 Lyfing
1861 794 2138 876 bisceop
2167 794 2301 859 and
2337 794 2577 860 Εὔα]-

486 876 591 951 ric
636 886 912 971 bisceop
956 890 1093 954 and
1134 891 1443 957 AEb'elsie
1492 893 1768 979 bisceop
1813 894 1949 959 and
1999 882 2258 959 E‘adr‘ic
2305 896 2571 961 ealdor-

484 1005 647 1050 man
698 988 832 1051 and
876 980 1257 1055 AE’oelmfi‘er
1296 992 1689 1057 ealdorman
1733 994 1874 1058 and
1912 993 2289 1059 AEvelfand
2325 994 2574 1061 AEvel-

485 1078 713 1150 m‘eres
740 1107 947 1168 sunu,
972 1090 1107 1155 and
1141 1080 1487 1158 Lessfsuna
1516 1092 1745 1158 abbud
1789 1102 1882 1159 aet
1913 1093 2185 1172 Cemel,
2215 1095 2350 1159 and
2381 1094 2568 1159 AElf-

488 1192 607 1267 get
636 1184 975 1271 Hengves
1000 1208 1180 1256 sunu
1210 1192 1347 1257 and
1379 1191 1663 1258 Siwoerd
1690 1194 1829 1258 and
1855 1183 2168 1260 Brihtrio
2199 1183 2411 1259 refida
2434 1194 2574 1260 and

488 1285 665 1350 ealle
702 1292 801 1353 za
836 1288 1135 1355 ildostan
1176 1294 1454 1378 p'aegnas
1500 1311 1593 1357 on
1636 1292 2005 1359 Dorsaeton
2041 1292 2176 1357 and
2216 1293 2571 1359 Ealdwine

490 1375 726 1468 [ιι-εδει
781 1389 917 1454 and
976 1381 1278 1457 Wulfr‘l‘c
1336 1383 1576 1475 prefist
1631 1393 1764 1458 and
1831 1384 2145 1458 Lssfwine
2205 1394 2574 1476 affielinges

490 1484 773 1552 disczsen
800 1489 936 1553 and
966 1490 1237 1573 AElfget
1264 1492 1398 1559 and
1428 1492 1767 1558 AElfwerd
1799 1493 1905 1559 his
1931 1484 2206 1559 cnihtas
2232 1495 2368 1560 and
2397 1493 2573 1560 ealle

490 1590 579 1651 30
610 1577 871 1670 gessfflre
896 1589 1089 1655 hired
1117 1611 1299 1657 men.

1325 1871 1745 1956 uocem.

1176 2032 1689 2116 AEDELRED,
1732 2037 1925 2103 1007.

602 2186 682 2267 ›1‹
722 2182 998 2249 Houon
1028 2191 1100 2248 et
1132 2183 1357 2266 gloria
1383 2184 1689 2250 omnium
1718 2186 2054 2250 conditori
2083 2191 2575 2261 creaturarum,

496 2284 613 2367 qui
643 2304 770 2369 pro
797 2303 968 2368 pace
996 2283 1310 2349 caritatis
1346 2284 1448 2349 sic
1482 2283 1856 2351 humanum
1900 2286 1990 2351 ab
2027 2285 2317 2350 inuicem
2358 2305 2574 2368 genus

494 2385 865 2468 separauit,
933 2390 1013 2447 ut
1076 2390 1219 2449 tam
1272 2385 1458 2450 serui
1514 2403 1721 2468 quam
1779 2385 2057 2462 domini,
2117 2392 2260 2449 tam
2319 2384 2576 2452 subditi

496 2502 701 2567 quam
761 2482 1076 2567 praelati,
1138 2503 1262 2567 per
1311 2484 1549 2549 mundi
1614 2486 1941 2551 terminos
1997 2484 2199 2551 simul
2259 2485 2579 2551 adessent

492 2585 816 2661 mansuri,
849 2590 1222 2667 tantaeque
1249 2584 1607 2650 caritatem
1636 2584 2013 2651 dulcedinis
2037 2584 2460 2651 dominorum
2493 2605 2578 2651 ac

493 2683 955 2766 praelatorum
1006 2683 1323 2749 cordibus
1374 2684 1742 2764 inmiscuit,
1795 2692 1878 2749 ut
1925 2686 2234 2752 seruulos
2287 2704 2372 2750 ac
2411 2687 2574 2751 sub-

497 2782 681 2849 ditos
728 2789 967 2867 utpote
1015 2784 1333 2869 proprios
1382 2784 1747 2867 diligerent
1797 2784 2065 2851 filiolos.
2191 2783 2393 2849 Unde
2443 2805 2575 2867 ego

498 2882 917 2950 AEsselredus
938 2881 1325 2968 Anglorum
1352 2905 1501 2962 rex,
1526 2893 1767 2950 notum
1794 2885 2004 2950 affore
2031 2885 2235 2968 cupio
2264 2886 2576 2950 omnibus

496 2983 837 3066 Anglicae
898 2983 1071 3048 fines
1132 2985 1436 3068 reg-ionis
1497 2985 2039 3068 cuicumquaque
2097 2983 2578 3064 incolentibus,

494 3083 681 3166 quod
726 3083 1007 3167 quidam
1047 3103 1263 3161 meus,
1305 3083 1630 3148 uidelicet
1668 3102 1860 3149 meus
1889 3083 2345 3168 praepositus,
2387 3084 2576 3149 claro

502 3182 777 3266 AElfgar
836 3183 1181 3250 uocitatus
1251 3183 1549 3260 nomine,
1606 3201 1800 3247 meae
1859 3184 2211 3249 obtutibus
2277 3184 2574 3249 occurrit

500 3283 953 3366 praesentiae,
999 3291 1241 3367 petens
1284 3283 1417 3348 sibi
1462 3299 1643 3349 ‚vnn
1691 3282 1932 3367 largiri
1974 3302 2248 3349 mansos
2291 3284 2364 3347 in
2421 3281 2574 3350 loco

498 3383 619 3466 qui
666 3381 967 3466 Anglica
1008 3383 1258 3448 dicitur
1312 3382 1772 3466 appellatione
1821 3391 1916 3450 aet
1963 3382 2382 3460 Wealtham,
2429 3385 2578 3448 auri

499 3501 777 3567 quoque
804 3483 1075 3568 pondus
1118 3482 1477 3550 rubicundi
1511 3484 1915 3568 argentique
1948 3503 2196 3549 munus
2234 3483 2582 3567 purissimi

497 3583 893 3667 appendens
919 3603 1045 3667 pro
1079 3584 1403 3650 trecentis
1430 3584 1665 3650 criseis
1705 3583 2177 3669 adpraeciauit
2213 3583 2578 3660 mancusis,

502 3682 904 3766 deuotisque
954 3685 1267 3749 manibus
1305 3683 1377 3747 in
1418 3691 1793 3768 conspectu
1841 3704 2036 3749 meae
2089 3683 2342 3750 obtulit
2384 3701 2580 3765 prae-

502 3783 809 3858 sentiam
856 3803 989 3866 ego
1006 3785 1221 3867 igitur
1240 3783 1481 3850 uidens
1502 3785 1644 3850 uidi
1666 3803 1832 3850 suae
1853 3783 2284 3849 deuotionem
2307 3783 2578 3862 mentis,

500 3883 742 3966 suique
758 3883 1030 3967 pristini
1051 3883 1491 3967 acceptabilis
1510 3884 1878 3950 recordans
1904 3884 2190 3962 seruitii,
2210 3883 2580 3948 secundum

502 4001 671 4048 suae
704 3982 1083 4049 uoluntatis
1112 3983 1290 4050 uelle
1323 3984 1507 4068 quod
1546 3985 1828 4067 petebat
1869 3983 2228 4067 adquieui3
2273 3983 2581 4048 concessi

505 4101 671 4165 ergo
704 4084 771 4149 ei
807 4092 1057 4150 terram
1100 4084 1235 4149 iam
1276 4082 1659 4167 praefatam
1699 4091 1782 4149 ut
1821 4084 1893 4148 in
1937 4083 2120 4149 omni
2161 4102 2327 4149 suae
2368 4083 2582 4148 curri-

504 4182 660 4248 culo
688 4183 1042 4268 possideat
1074 4184 1299 4264 uitae3
1344 4192 1417 4250 et
1440 4183 1526 4249 de
1555 4184 1820 4268 reliquo
1850 4185 2252 4268 cuicumque
2281 4183 2578 4250 uoluerit

503 4282 779 4348 haeredi
819 4283 893 4349 in
936 4293 1339 4368 perpetuam
1383 4283 1815 4368 derelinquat
1861 4284 2370 4350 haereditatem.
2473 4283 2580 4348 Sit

500 4391 729 4450 autem
778 4385 1201 4466 praedictum
1242 4403 1359 4450 rus
1398 4385 1685 4452 liberum
1727 4386 1818 4450 ab
1860 4383 2044 4450 omni
2094 4385 2421 4451 mundiali
2459 4384 2578 4448 ob-
