<?xml version="1.0" encoding="UTF-8"?>
<!DOCTYPE html PUBLIC "-//W3C//DTD XHTML 1.0 Transitional//EN"
    "http://www.w3.org/TR/xhtml1/DTD/xhtml1-transitional.dtd">
<html xmlns="http://www.w3.org/1999/xhtml" xml:lang="en" lang="en">
 <head>
  <title>
</title>
<meta http-equiv="Content-Type" content="text/html;charset=utf-8" />
  <meta name='ocr-system' content='tesseract 3.04.00' />
  <meta name='ocr-capabilities' content='ocr_page ocr_carea ocr_par ocr_line ocrx_word'/>
</head>
<body>
  <div class='ocr_page' id='page_1' title='image "./codexdiplomatic06kembgoog_0166.png"; bbox 0 0 3552 5764; ppageno 0'>
   <div class='ocr_carea' id='block_1_1' title="bbox 1061 615 2660 681">
    <p class='ocr_par' dir='ltr' id='par_1_1' title="bbox 1061 615 2660 681">
     <span class='ocr_line' id='line_1_1' title="bbox 1061 615 2660 681; baseline 0.004 -7"><span class='ocrx_word' id='word_1_1' title='bbox 1061 624 1405 677; x_wconf 68' lang='lat' dir='ltr'><strong>cnutus</strong></span> <span class='ocrx_word' id='word_1_2' title='bbox 1455 627 2142 681; x_wconf 69' lang='lat' dir='ltr'><strong>suemssxomcn.</strong></span> <span class='ocrx_word' id='word_1_3' title='bbox 2525 615 2660 681; x_wconf 77' lang='lat'><strong>125</strong></span> 
     </span>
    </p>
   </div>
   <div class='ocr_carea' id='block_1_2' title="bbox 550 784 2680 3982">
    <p class='ocr_par' dir='ltr' id='par_1_2' title="bbox 550 784 2680 3982">
     <span class='ocr_line' id='line_1_2' title="bbox 550 784 2652 881; baseline 0 -30"><span class='ocrx_word' id='word_1_4' title='bbox 550 784 803 851; x_wconf 87' lang='lat' dir='ltr'><strong>clesiae</strong></span> <span class='ocrx_word' id='word_1_5' title='bbox 834 785 967 849; x_wconf 88' lang='lat' dir='ltr'><strong>sub</strong></span> <span class='ocrx_word' id='word_1_6' title='bbox 995 802 1106 849; x_wconf 89' lang='lat' dir='ltr'><strong>me</strong></span> <span class='ocrx_word' id='word_1_7' title='bbox 1134 791 1371 851; x_wconf 88' lang='lat' dir='ltr'><strong>tenere</strong></span> <span class='ocrx_word' id='word_1_8' title='bbox 1392 786 1742 852; x_wconf 76' lang='lat' dir='ltr'><strong>concessi:</strong></span> <span class='ocrx_word' id='word_1_9' title='bbox 1789 785 1920 852; x_wconf 88' lang='lat' dir='ltr'><strong>hoc</strong></span> <span class='ocrx_word' id='word_1_10' title='bbox 1955 792 2068 851; x_wconf 89' lang='lat' dir='ltr'><strong>est</strong></span> <span class='ocrx_word' id='word_1_11' title='bbox 2095 794 2173 852; x_wconf 89' lang='lat' dir='ltr'><strong>ut</strong></span> <span class='ocrx_word' id='word_1_12' title='bbox 2207 785 2428 851; x_wconf 89' lang='lat' dir='ltr'><strong>omnis</strong></span> <span class='ocrx_word' id='word_1_13' title='bbox 2457 787 2652 881; x_wconf 86' lang='lat' dir='ltr'><strong>equi-</strong></span> 
     </span>
     <span class='ocr_line' id='line_1_3' title="bbox 556 884 2652 972; baseline -0 -19"><span class='ocrx_word' id='word_1_14' title='bbox 556 886 747 953; x_wconf 90' lang='lat' dir='ltr'><strong>tandi</strong></span> <span class='ocrx_word' id='word_1_15' title='bbox 774 885 894 951; x_wconf 81' lang='lat' dir='ltr'><strong>lex</strong></span> <span class='ocrx_word' id='word_1_16' title='bbox 925 886 1014 949; x_wconf 90' lang='lat' dir='ltr'><strong>ab</strong></span> <span class='ocrx_word' id='word_1_17' title='bbox 1046 884 1147 950; x_wconf 91' lang='lat' dir='ltr'><strong>eis</strong></span> <span class='ocrx_word' id='word_1_18' title='bbox 1168 885 1539 970; x_wconf 80' lang='lat' dir='ltr'><strong>impleatur</strong></span> <span class='ocrx_word' id='word_1_19' title='bbox 1569 884 1749 972; x_wconf 77' lang='lat' dir='ltr'><strong>q&#39;uae</strong></span> <span class='ocrx_word' id='word_1_20' title='bbox 1779 886 1868 951; x_wconf 91' lang='lat' dir='ltr'><strong>ad</strong></span> <span class='ocrx_word' id='word_1_21' title='bbox 1902 887 2171 971; x_wconf 77' lang='lat' dir='ltr'><strong>equites</strong></span> <span class='ocrx_word' id='word_1_22' title='bbox 2193 887 2532 972; x_wconf 82' lang='lat' dir='ltr'><strong>pertiuet3</strong></span> <span class='ocrx_word' id='word_1_23' title='bbox 2578 896 2652 953; x_wconf 89' lang='lat' dir='ltr'><strong>et</strong></span> 
     </span>
     <span class='ocr_line' id='line_1_4' title="bbox 556 985 2654 1073; baseline 0 -20"><span class='ocrx_word' id='word_1_24' title='bbox 556 993 637 1053; x_wconf 90' lang='lat' dir='ltr'><strong>ut</strong></span> <span class='ocrx_word' id='word_1_25' title='bbox 662 986 961 1071; x_wconf 86' lang='lat' dir='ltr'><strong>pleniter</strong></span> <span class='ocrx_word' id='word_1_26' title='bbox 986 985 1392 1073; x_wconf 88' lang='lat' dir='ltr'><strong>persoluant</strong></span> <span class='ocrx_word' id='word_1_27' title='bbox 1420 988 1652 1051; x_wconf 90' lang='lat' dir='ltr'><strong>omnia</strong></span> <span class='ocrx_word' id='word_1_28' title='bbox 1675 1006 1858 1071; x_wconf 89' lang='lat' dir='ltr'><strong>quae</strong></span> <span class='ocrx_word' id='word_1_29' title='bbox 1885 987 1975 1051; x_wconf 90' lang='lat' dir='ltr'><strong>ad</strong></span> <span class='ocrx_word' id='word_1_30' title='bbox 2005 988 2118 1051; x_wconf 88' lang='lat' dir='ltr'><strong>ius</strong></span> <span class='ocrx_word' id='word_1_31' title='bbox 2148 988 2368 1071; x_wconf 88' lang='lat' dir='ltr'><strong>ipsius</strong></span> <span class='ocrx_word' id='word_1_32' title='bbox 2398 988 2654 1053; x_wconf 86' lang='lat' dir='ltr'><strong>aeccle-</strong></span> 
     </span>
     <span class='ocr_line' id='line_1_5' title="bbox 556 1084 2650 1171; baseline 0 -18"><span class='ocrx_word' id='word_1_33' title='bbox 556 1087 703 1153; x_wconf 88' lang='lat' dir='ltr'><strong>siae</strong></span> <span class='ocrx_word' id='word_1_34' title='bbox 732 1086 915 1153; x_wconf 89' lang='lat' dir='ltr'><strong>iuste</strong></span> <span class='ocrx_word' id='word_1_35' title='bbox 959 1092 1388 1170; x_wconf 90' lang='lat' dir='ltr'><strong>competunt,</strong></span> <span class='ocrx_word' id='word_1_36' title='bbox 1430 1086 1695 1152; x_wconf 87' lang='lat' dir='ltr'><strong>scilicet</strong></span> <span class='ocrx_word' id='word_1_37' title='bbox 1736 1106 1824 1152; x_wconf 89' lang='lat' dir='ltr'><strong>ea</strong></span> <span class='ocrx_word' id='word_1_38' title='bbox 1861 1106 2041 1171; x_wconf 86' lang='lat' dir='ltr'><strong>quae</strong></span> <span class='ocrx_word' id='word_1_39' title='bbox 2075 1086 2372 1171; x_wconf 83' lang='lat' dir='ltr'><strong>Anglice</strong></span> <span class='ocrx_word' id='word_1_40' title='bbox 2413 1084 2650 1153; x_wconf 91' lang='lat' dir='ltr'><strong>dicun·</strong></span> 
     </span>
     <span class='ocr_line' id='line_1_6' title="bbox 558 1185 2654 1266; baseline 0 -13"><span class='ocrx_word' id='word_1_41' title='bbox 558 1194 675 1253; x_wconf 88' lang='lat' dir='ltr'><strong>tur</strong></span> <span class='ocrx_word' id='word_1_42' title='bbox 703 1188 1098 1253; x_wconf 87' lang='lat' dir='ltr'><strong>ciricsceott</strong></span> <span class='ocrx_word' id='word_1_43' title='bbox 1134 1194 1207 1252; x_wconf 90' lang='lat' dir='ltr'><strong>et</strong></span> <span class='ocrx_word' id='word_1_44' title='bbox 1244 1185 1373 1251; x_wconf 90' lang='lat' dir='ltr'><strong>toll</strong></span> <span class='ocrx_word' id='word_1_45' title='bbox 1400 1185 1472 1251; x_wconf 92' lang='lat' dir='ltr'><strong>id</strong></span> <span class='ocrx_word' id='word_1_46' title='bbox 1514 1194 1625 1253; x_wconf 91' lang='lat' dir='ltr'><strong>est</strong></span> <span class='ocrx_word' id='word_1_47' title='bbox 1664 1186 2058 1253; x_wconf 89' lang='lat' dir='ltr'><strong>theloneum</strong></span> <span class='ocrx_word' id='word_1_48' title='bbox 2099 1193 2171 1253; x_wconf 94' lang='lat' dir='ltr'><strong>et</strong></span> <span class='ocrx_word' id='word_1_49' title='bbox 2214 1195 2393 1266; x_wconf 88' lang='lat' dir='ltr'><strong>tace,</strong></span> <span class='ocrx_word' id='word_1_50' title='bbox 2429 1187 2502 1253; x_wconf 91' lang='lat' dir='ltr'><strong>id</strong></span> <span class='ocrx_word' id='word_1_51' title='bbox 2545 1195 2654 1254; x_wconf 90' lang='lat' dir='ltr'><strong>est</strong></span> 
     </span>
     <span class='ocr_line' id='line_1_7' title="bbox 560 1286 2656 1372; baseline 0.001 -19"><span class='ocrx_word' id='word_1_52' title='bbox 560 1286 1011 1366; x_wconf 77' lang='lat' dir='ltr'><strong>swinsceade,</strong></span> <span class='ocrx_word' id='word_1_53' title='bbox 1043 1293 1118 1353; x_wconf 90' lang='lat' dir='ltr'><strong>et</strong></span> <span class='ocrx_word' id='word_1_54' title='bbox 1154 1293 1433 1352; x_wconf 86' lang='lat' dir='ltr'><strong>caetera</strong></span> <span class='ocrx_word' id='word_1_55' title='bbox 1474 1287 1633 1353; x_wconf 87' lang='lat' dir='ltr'><strong>iura</strong></span> <span class='ocrx_word' id='word_1_56' title='bbox 1668 1288 2070 1367; x_wconf 89' lang='lat' dir='ltr'><strong>aecclesiae,</strong></span> <span class='ocrx_word' id='word_1_57' title='bbox 2112 1287 2247 1353; x_wconf 87' lang='lat' dir='ltr'><strong>nisi</strong></span> <span class='ocrx_word' id='word_1_58' title='bbox 2286 1288 2656 1372; x_wconf 87' lang='lat' dir='ltr'><strong>episcopus</strong></span> 
     </span>
     <span class='ocr_line' id='line_1_8' title="bbox 564 1386 2656 1473; baseline 0 -20"><span class='ocrx_word' id='word_1_59' title='bbox 564 1387 729 1473; x_wconf 90' lang='lat' dir='ltr'><strong>quid</strong></span> <span class='ocrx_word' id='word_1_60' title='bbox 762 1387 977 1453; x_wconf 89' lang='lat' dir='ltr'><strong>alicui</strong></span> <span class='ocrx_word' id='word_1_61' title='bbox 1003 1406 1241 1453; x_wconf 86' lang='lat' dir='ltr'><strong>eorum</strong></span> <span class='ocrx_word' id='word_1_62' title='bbox 1283 1386 1664 1471; x_wconf 88' lang='lat' dir='ltr'><strong>perdonare</strong></span> <span class='ocrx_word' id='word_1_63' title='bbox 1693 1386 2030 1471; x_wconf 80' lang='lat' dir='ltr'><strong>uoluerit3</strong></span> <span class='ocrx_word' id='word_1_64' title='bbox 2075 1406 2367 1471; x_wconf 75' lang='lat' dir='ltr'><strong>seseque</strong></span> <span class='ocrx_word' id='word_1_65' title='bbox 2412 1408 2656 1473; x_wconf 90' lang='lat' dir='ltr'><strong>quam-</strong></span> 
     </span>
     <span class='ocr_line' id='line_1_9' title="bbox 562 1487 2660 1573; baseline 0 -20"><span class='ocrx_word' id='word_1_66' title='bbox 562 1488 679 1553; x_wconf 89' lang='lat' dir='ltr'><strong>diu</strong></span> <span class='ocrx_word' id='word_1_67' title='bbox 704 1488 899 1572; x_wconf 88' lang='lat' dir='ltr'><strong>ipsas</strong></span> <span class='ocrx_word' id='word_1_68' title='bbox 929 1494 1155 1554; x_wconf 85' lang='lat' dir='ltr'><strong>terras</strong></span> <span class='ocrx_word' id='word_1_69' title='bbox 1186 1493 1423 1552; x_wconf 87' lang='lat' dir='ltr'><strong>tenent</strong></span> <span class='ocrx_word' id='word_1_70' title='bbox 1450 1488 1525 1553; x_wconf 93' lang='lat' dir='ltr'><strong>in</strong></span> <span class='ocrx_word' id='word_1_71' title='bbox 1553 1487 1898 1554; x_wconf 84' lang='lat' dir='ltr'><strong>mandatis</strong></span> <span class='ocrx_word' id='word_1_72' title='bbox 1927 1488 2276 1573; x_wconf 83' lang='lat' dir='ltr'><strong>pontificis</strong></span> <span class='ocrx_word' id='word_1_73' title='bbox 2309 1488 2660 1556; x_wconf 87' lang='lat' dir='ltr'><strong>humiliter</strong></span> 
     </span>
     <span class='ocr_line' id='line_1_10' title="bbox 564 1586 2656 1672; baseline 0 -18"><span class='ocrx_word' id='word_1_74' title='bbox 564 1608 719 1655; x_wconf 89' lang='lat' dir='ltr'><strong>cum</strong></span> <span class='ocrx_word' id='word_1_75' title='bbox 768 1587 958 1654; x_wconf 82' lang='lat' dir='ltr'><strong>omui</strong></span> <span class='ocrx_word' id='word_1_76' title='bbox 998 1586 1423 1655; x_wconf 88' lang='lat' dir='ltr'><strong>subiectione</strong></span> <span class='ocrx_word' id='word_1_77' title='bbox 1471 1606 1917 1672; x_wconf 87' lang='lat' dir='ltr'><strong>perseuerare</strong></span> <span class='ocrx_word' id='word_1_78' title='bbox 1961 1588 2168 1655; x_wconf 88' lang='lat' dir='ltr'><strong>etiam</strong></span> <span class='ocrx_word' id='word_1_79' title='bbox 2215 1588 2656 1655; x_wconf 81' lang='lat' dir='ltr'><strong>iureiurando</strong></span> 
     </span>
     <span class='ocr_line' id='line_1_11' title="bbox 565 1686 2656 1774; baseline 0 -20"><span class='ocrx_word' id='word_1_80' title='bbox 565 1687 924 1767; x_wconf 69' lang='lat' dir='ltr'><strong>affirment.</strong></span> <span class='ocrx_word' id='word_1_81' title='bbox 1023 1686 1249 1772; x_wconf 86' lang='lat' dir='ltr'><strong>Super</strong></span> <span class='ocrx_word' id='word_1_82' title='bbox 1277 1686 1451 1753; x_wconf 87' lang='lat' dir='ltr'><strong>haec</strong></span> <span class='ocrx_word' id='word_1_83' title='bbox 1480 1688 1693 1754; x_wconf 89' lang='lat' dir='ltr'><strong>etiam</strong></span> <span class='ocrx_word' id='word_1_84' title='bbox 1725 1688 1816 1754; x_wconf 90' lang='lat' dir='ltr'><strong>ad</strong></span> <span class='ocrx_word' id='word_1_85' title='bbox 1845 1689 2072 1755; x_wconf 86' lang='lat' dir='ltr'><strong>omnis</strong></span> <span class='ocrx_word' id='word_1_86' title='bbox 2099 1687 2478 1755; x_wconf 77' lang='lat' dir='ltr'><strong>industriae</strong></span> <span class='ocrx_word' id='word_1_87' title='bbox 2511 1690 2656 1774; x_wconf 92' lang='lat' dir='ltr'><strong>epi-</strong></span> 
     </span>
     <span class='ocr_line' id='line_1_12' title="bbox 564 1788 2649 1874; baseline 0 -19"><span class='ocrx_word' id='word_1_88' title='bbox 564 1790 759 1874; x_wconf 90' lang='lat' dir='ltr'><strong>scopi</strong></span> <span class='ocrx_word' id='word_1_89' title='bbox 838 1788 1295 1871; x_wconf 77' lang='lat' dir='ltr'><strong>indigentiam</strong></span> <span class='ocrx_word' id='word_1_90' title='bbox 1370 1788 1780 1873; x_wconf 87' lang='lat' dir='ltr'><strong>semetipsos</strong></span> <span class='ocrx_word' id='word_1_91' title='bbox 1846 1794 2124 1874; x_wconf 87' lang='lat' dir='ltr'><strong>praesto</strong></span> <span class='ocrx_word' id='word_1_92' title='bbox 2205 1788 2649 1872; x_wconf 88' lang='lat' dir='ltr'><strong>impendant;</strong></span> 
     </span>
     <span class='ocr_line' id='line_1_13' title="bbox 566 1887 2658 1975; baseline 0 -20"><span class='ocrx_word' id='word_1_93' title='bbox 566 1908 783 1975; x_wconf 86' lang='lat' dir='ltr'><strong>equos</strong></span> <span class='ocrx_word' id='word_1_94' title='bbox 804 1894 1187 1974; x_wconf 84' lang='lat' dir='ltr'><strong>praestent3</strong></span> <span class='ocrx_word' id='word_1_95' title='bbox 1219 1887 1356 1972; x_wconf 86' lang='lat' dir='ltr'><strong>ipsi</strong></span> <span class='ocrx_word' id='word_1_96' title='bbox 1376 1888 1721 1973; x_wconf 88' lang='lat' dir='ltr'><strong>equitent;</strong></span> <span class='ocrx_word' id='word_1_97' title='bbox 1752 1897 1826 1955; x_wconf 91' lang='lat' dir='ltr'><strong>et</strong></span> <span class='ocrx_word' id='word_1_98' title='bbox 1843 1889 1930 1954; x_wconf 88' lang='lat' dir='ltr'><strong>ad</strong></span> <span class='ocrx_word' id='word_1_99' title='bbox 1951 1896 2174 1955; x_wconf 89' lang='lat' dir='ltr'><strong>totum</strong></span> <span class='ocrx_word' id='word_1_100' title='bbox 2197 1890 2658 1973; x_wconf 86' lang='lat' dir='ltr'><strong>piramiticum</strong></span> 
     </span>
     <span class='ocr_line' id='line_1_14' title="bbox 572 1988 2658 2075; baseline 0 -19"><span class='ocrx_word' id='word_1_101' title='bbox 572 2010 749 2075; x_wconf 89' lang='lat' dir='ltr'><strong>opus</strong></span> <span class='ocrx_word' id='word_1_102' title='bbox 776 1988 1156 2055; x_wconf 81' lang='lat' dir='ltr'><strong>aecclesiae</strong></span> <span class='ocrx_word' id='word_1_103' title='bbox 1190 1988 1401 2055; x_wconf 90' lang='lat' dir='ltr'><strong>calcis</strong></span> <span class='ocrx_word' id='word_1_104' title='bbox 1430 1996 1643 2074; x_wconf 89' lang='lat' dir='ltr'><strong>atque</strong></span> <span class='ocrx_word' id='word_1_105' title='bbox 1670 1990 1759 2055; x_wconf 91' lang='lat' dir='ltr'><strong>ad</strong></span> <span class='ocrx_word' id='word_1_106' title='bbox 1797 1989 2030 2073; x_wconf 89' lang='lat' dir='ltr'><strong>pontis</strong></span> <span class='ocrx_word' id='word_1_107' title='bbox 2058 1988 2446 2055; x_wconf 86' lang='lat' dir='ltr'><strong>aedificium</strong></span> <span class='ocrx_word' id='word_1_108' title='bbox 2472 1990 2658 2056; x_wconf 91' lang='lat' dir='ltr'><strong>ultro</strong></span> 
     </span>
     <span class='ocr_line' id='line_1_15' title="bbox 568 2089 2658 2175; baseline -0 -19"><span class='ocrx_word' id='word_1_109' title='bbox 568 2091 1011 2157; x_wconf 86' lang='lat' dir='ltr'><strong>inueniantnr</strong></span> <span class='ocrx_word' id='word_1_110' title='bbox 1056 2090 1325 2175; x_wconf 83' lang='lat' dir='ltr'><strong>parati3</strong></span> <span class='ocrx_word' id='word_1_111' title='bbox 1376 2089 1497 2155; x_wconf 91' lang='lat' dir='ltr'><strong>sed</strong></span> <span class='ocrx_word' id='word_1_112' title='bbox 1554 2097 1626 2155; x_wconf 91' lang='lat' dir='ltr'><strong>et</strong></span> <span class='ocrx_word' id='word_1_113' title='bbox 1666 2090 2059 2157; x_wconf 88' lang='lat' dir='ltr'><strong>uenationis</strong></span> <span class='ocrx_word' id='word_1_114' title='bbox 2110 2108 2345 2173; x_wconf 90' lang='lat' dir='ltr'><strong>sepem</strong></span> <span class='ocrx_word' id='word_1_115' title='bbox 2398 2089 2658 2156; x_wconf 88' lang='lat' dir='ltr'><strong>domini</strong></span> 
     </span>
     <span class='ocr_line' id='line_1_16' title="bbox 570 2189 2662 2276; baseline 0 -19"><span class='ocrx_word' id='word_1_116' title='bbox 570 2190 877 2276; x_wconf 77' lang='lat' dir='ltr'><strong>episcopi</strong></span> <span class='ocrx_word' id='word_1_117' title='bbox 900 2190 1200 2257; x_wconf 87' lang='lat' dir='ltr'><strong>ultronei</strong></span> <span class='ocrx_word' id='word_1_118' title='bbox 1231 2189 1318 2255; x_wconf 91' lang='lat' dir='ltr'><strong>ad</strong></span> <span class='ocrx_word' id='word_1_119' title='bbox 1342 2189 1840 2256; x_wconf 88' lang='lat' dir='ltr'><strong>aedificandum</strong></span> <span class='ocrx_word' id='word_1_120' title='bbox 1869 2191 2374 2274; x_wconf 81' lang='lat' dir='ltr'><strong>repperiantur,</strong></span> <span class='ocrx_word' id='word_1_121' title='bbox 2398 2210 2662 2275; x_wconf 85' lang='lat' dir='ltr'><strong>suaque</strong></span> 
     </span>
     <span class='ocr_line' id='line_1_17' title="bbox 574 2288 2666 2377; baseline -0 -20"><span class='ocrx_word' id='word_1_122' title='bbox 574 2291 1145 2377; x_wconf 73' lang='lat' dir='ltr'><strong>quandocumque</strong></span> <span class='ocrx_word' id='word_1_123' title='bbox 1173 2288 1448 2355; x_wconf 91' lang='lat' dir='ltr'><strong>domino</strong></span> <span class='ocrx_word' id='word_1_124' title='bbox 1470 2291 1797 2375; x_wconf 92' lang='lat' dir='ltr'><strong>episcopo</strong></span> <span class='ocrx_word' id='word_1_125' title='bbox 1827 2291 2108 2356; x_wconf 83' lang='lat' dir='ltr'><strong>libuerit</strong></span> <span class='ocrx_word' id='word_1_126' title='bbox 2136 2290 2485 2356; x_wconf 88' lang='lat' dir='ltr'><strong>uenabula</strong></span> <span class='ocrx_word' id='word_1_127' title='bbox 2511 2291 2666 2357; x_wconf 89' lang='lat' dir='ltr'><strong>des-</strong></span> 
     </span>
     <span class='ocr_line' id='line_1_18' title="bbox 573 2390 2664 2475; baseline -0.001 -16"><span class='ocrx_word' id='word_1_128' title='bbox 573 2392 797 2459; x_wconf 88' lang='lat' dir='ltr'><strong>tinent</strong></span> <span class='ocrx_word' id='word_1_129' title='bbox 838 2397 1213 2470; x_wconf 82' lang='lat' dir='ltr'><strong>uenatum3</strong></span> <span class='ocrx_word' id='word_1_130' title='bbox 1263 2390 1546 2475; x_wconf 88' lang='lat' dir='ltr'><strong>insuper</strong></span> <span class='ocrx_word' id='word_1_131' title='bbox 1587 2391 1677 2456; x_wconf 91' lang='lat' dir='ltr'><strong>ad</strong></span> <span class='ocrx_word' id='word_1_132' title='bbox 1719 2391 1979 2457; x_wconf 81' lang='lat' dir='ltr'><strong>multas</strong></span> <span class='ocrx_word' id='word_1_133' title='bbox 2023 2391 2201 2457; x_wconf 87' lang='lat' dir='ltr'><strong>alias</strong></span> <span class='ocrx_word' id='word_1_134' title='bbox 2245 2390 2664 2474; x_wconf 80' lang='lat' dir='ltr'><strong>indigentiae</strong></span> 
     </span>
     <span class='ocr_line' id='line_1_19' title="bbox 576 2491 2666 2577; baseline -0.001 -18"><span class='ocrx_word' id='word_1_135' title='bbox 576 2512 823 2559; x_wconf 78' lang='lat' dir='ltr'><strong>causas</strong></span> <span class='ocrx_word' id='word_1_136' title='bbox 853 2492 1106 2577; x_wconf 87' lang='lat' dir='ltr'><strong>quibus</strong></span> <span class='ocrx_word' id='word_1_137' title='bbox 1138 2509 1315 2574; x_wconf 90' lang='lat' dir='ltr'><strong>opus</strong></span> <span class='ocrx_word' id='word_1_138' title='bbox 1347 2497 1457 2557; x_wconf 86' lang='lat' dir='ltr'><strong>est</strong></span> <span class='ocrx_word' id='word_1_139' title='bbox 1483 2491 1757 2557; x_wconf 90' lang='lat' dir='ltr'><strong>domino</strong></span> <span class='ocrx_word' id='word_1_140' title='bbox 1787 2492 2082 2559; x_wconf 87' lang='lat' dir='ltr'><strong>antistiti</strong></span> <span class='ocrx_word' id='word_1_141' title='bbox 2113 2510 2324 2577; x_wconf 83' lang='lat' dir='ltr'><strong>saepe</strong></span> <span class='ocrx_word' id='word_1_142' title='bbox 2355 2491 2666 2571; x_wconf 79' lang='lat' dir='ltr'><strong>frunisci,</strong></span> 
     </span>
     <span class='ocr_line' id='line_1_20' title="bbox 578 2590 2668 2676; baseline -0 -17"><span class='ocrx_word' id='word_1_143' title='bbox 578 2593 724 2659; x_wconf 87' lang='lat' dir='ltr'><strong>siue</strong></span> <span class='ocrx_word' id='word_1_144' title='bbox 769 2590 859 2658; x_wconf 89' lang='lat' dir='ltr'><strong>ad</strong></span> <span class='ocrx_word' id='word_1_145' title='bbox 909 2610 1113 2657; x_wconf 90' lang='lat' dir='ltr'><strong>suum</strong></span> <span class='ocrx_word' id='word_1_146' title='bbox 1168 2590 1529 2657; x_wconf 84' lang='lat' dir='ltr'><strong>seruitium</strong></span> <span class='ocrx_word' id='word_1_147' title='bbox 1581 2592 1732 2658; x_wconf 88' lang='lat' dir='ltr'><strong>siue</strong></span> <span class='ocrx_word' id='word_1_148' title='bbox 1799 2592 1888 2657; x_wconf 91' lang='lat' dir='ltr'><strong>ad</strong></span> <span class='ocrx_word' id='word_1_149' title='bbox 1941 2591 2178 2676; x_wconf 75' lang='lat' dir='ltr'><strong>regale</strong></span> <span class='ocrx_word' id='word_1_150' title='bbox 2226 2592 2668 2676; x_wconf 82' lang='lat' dir='ltr'><strong>explendum,</strong></span> 
     </span>
     <span class='ocr_line' id='line_1_21' title="bbox 578 2690 2668 2778; baseline -0 -17"><span class='ocrx_word' id='word_1_151' title='bbox 578 2712 849 2778; x_wconf 83' lang='lat' dir='ltr'><strong>semper</strong></span> <span class='ocrx_word' id='word_1_152' title='bbox 881 2692 1070 2757; x_wconf 90' lang='lat' dir='ltr'><strong>illius</strong></span> <span class='ocrx_word' id='word_1_153' title='bbox 1107 2690 1607 2759; x_wconf 84' lang='lat' dir='ltr'><strong>archiductoris</strong></span> <span class='ocrx_word' id='word_1_154' title='bbox 1640 2692 2024 2757; x_wconf 91' lang='lat' dir='ltr'><strong>dominatui</strong></span> <span class='ocrx_word' id='word_1_155' title='bbox 2055 2700 2130 2757; x_wconf 91' lang='lat' dir='ltr'><strong>et</strong></span> <span class='ocrx_word' id='word_1_156' title='bbox 2169 2693 2517 2759; x_wconf 84' lang='lat' dir='ltr'><strong>uoluntati</strong></span> <span class='ocrx_word' id='word_1_157' title='bbox 2545 2694 2668 2777; x_wconf 86' lang='lat' dir='ltr'><strong>qui</strong></span> 
     </span>
     <span class='ocr_line' id='line_1_22' title="bbox 578 2790 2664 2879; baseline -0 -19"><span class='ocrx_word' id='word_1_158' title='bbox 578 2792 1010 2879; x_wconf 86' lang='lat' dir='ltr'><strong>episcopatui</strong></span> <span class='ocrx_word' id='word_1_159' title='bbox 1066 2791 1439 2876; x_wconf 83' lang='lat' dir='ltr'><strong>praesidet,</strong></span> <span class='ocrx_word' id='word_1_160' title='bbox 1496 2799 1781 2877; x_wconf 86' lang='lat' dir='ltr'><strong>propter</strong></span> <span class='ocrx_word' id='word_1_161' title='bbox 1824 2790 2228 2858; x_wconf 86' lang='lat' dir='ltr'><strong>beneficium</strong></span> <span class='ocrx_word' id='word_1_162' title='bbox 2288 2793 2474 2877; x_wconf 86' lang='lat' dir='ltr'><strong>quod</strong></span> <span class='ocrx_word' id='word_1_163' title='bbox 2524 2792 2664 2859; x_wconf 84' lang='lat' dir='ltr'><strong>illis</strong></span> 
     </span>
     <span class='ocr_line' id='line_1_23' title="bbox 580 2893 2672 2982; baseline -0.001 -20"><span class='ocrx_word' id='word_1_164' title='bbox 580 2895 985 2982; x_wconf 86' lang='lat' dir='ltr'><strong>praestitum</strong></span> <span class='ocrx_word' id='word_1_165' title='bbox 1037 2901 1169 2973; x_wconf 89' lang='lat' dir='ltr'><strong>est,</strong></span> <span class='ocrx_word' id='word_1_166' title='bbox 1224 2913 1388 2959; x_wconf 88' lang='lat' dir='ltr'><strong>cum</strong></span> <span class='ocrx_word' id='word_1_167' title='bbox 1439 2894 1628 2959; x_wconf 87' lang='lat' dir='ltr'><strong>omni</strong></span> <span class='ocrx_word' id='word_1_168' title='bbox 1685 2894 2076 2960; x_wconf 89' lang='lat' dir='ltr'><strong>hnmilitate</strong></span> <span class='ocrx_word' id='word_1_169' title='bbox 2129 2900 2202 2958; x_wconf 92' lang='lat' dir='ltr'><strong>et</strong></span> <span class='ocrx_word' id='word_1_170' title='bbox 2249 2893 2672 2960; x_wconf 86' lang='lat' dir='ltr'><strong>subiectione</strong></span> 
     </span>
     <span class='ocr_line' id='line_1_24' title="bbox 578 2992 2666 3078; baseline -0.002 -15"><span class='ocrx_word' id='word_1_171' title='bbox 578 2995 839 3062; x_wconf 84' lang='lat' dir='ltr'><strong>subditi</strong></span> <span class='ocrx_word' id='word_1_172' title='bbox 868 2994 1063 3073; x_wconf 87' lang='lat' dir='ltr'><strong>fiant,</strong></span> <span class='ocrx_word' id='word_1_173' title='bbox 1087 2993 1465 3059; x_wconf 88' lang='lat' dir='ltr'><strong>secundum</strong></span> <span class='ocrx_word' id='word_1_174' title='bbox 1496 2992 1713 3078; x_wconf 90' lang='lat' dir='ltr'><strong>ipsius</strong></span> <span class='ocrx_word' id='word_1_175' title='bbox 1740 2994 2170 3058; x_wconf 83' lang='lat' dir='ltr'><strong>uoluntatem</strong></span> <span class='ocrx_word' id='word_1_176' title='bbox 2215 2999 2288 3057; x_wconf 91' lang='lat' dir='ltr'><strong>et</strong></span> <span class='ocrx_word' id='word_1_177' title='bbox 2329 3001 2666 3058; x_wconf 87' lang='lat' dir='ltr'><strong>terrarum</strong></span> 
     </span>
     <span class='ocr_line' id='line_1_25' title="bbox 582 3092 2674 3182; baseline -0.002 -20"><span class='ocrx_word' id='word_1_178' title='bbox 582 3115 755 3182; x_wconf 86' lang='lat' dir='ltr'><strong>quas</strong></span> <span class='ocrx_word' id='word_1_179' title='bbox 802 3096 1098 3179; x_wconf 86' lang='lat' dir='ltr'><strong>quisque</strong></span> <span class='ocrx_word' id='word_1_180' title='bbox 1142 3093 1453 3178; x_wconf 87' lang='lat' dir='ltr'><strong>possidet</strong></span> <span class='ocrx_word' id='word_1_181' title='bbox 1501 3095 1985 3178; x_wconf 88' lang='lat' dir='ltr'><strong>quantitatem.</strong></span> <span class='ocrx_word' id='word_1_182' title='bbox 2079 3092 2391 3158; x_wconf 86' lang='lat' dir='ltr'><strong>Decurso</strong></span> <span class='ocrx_word' id='word_1_183' title='bbox 2442 3101 2674 3158; x_wconf 84' lang='lat' dir='ltr'><strong>autem</strong></span> 
     </span>
     <span class='ocr_line' id='line_1_26' title="bbox 580 3191 2674 3282; baseline -0.003 -18"><span class='ocrx_word' id='word_1_184' title='bbox 580 3195 875 3282; x_wconf 83' lang='lat' dir='ltr'><strong>praefati</strong></span> <span class='ocrx_word' id='word_1_185' title='bbox 920 3195 1245 3279; x_wconf 84' lang='lat' dir='ltr'><strong>temporis</strong></span> <span class='ocrx_word' id='word_1_186' title='bbox 1280 3194 1647 3274; x_wconf 85' lang='lat' dir='ltr'><strong>curriculo,</strong></span> <span class='ocrx_word' id='word_1_187' title='bbox 1679 3193 2004 3258; x_wconf 88' lang='lat' dir='ltr'><strong>uidelicet</strong></span> <span class='ocrx_word' id='word_1_188' title='bbox 2030 3191 2319 3258; x_wconf 90' lang='lat' dir='ltr'><strong>duorum</strong></span> <span class='ocrx_word' id='word_1_189' title='bbox 2364 3201 2526 3277; x_wconf 85' lang='lat' dir='ltr'><strong>post</strong></span> <span class='ocrx_word' id='word_1_190' title='bbox 2554 3213 2674 3258; x_wconf 90' lang='lat' dir='ltr'><strong>eos</strong></span> 
     </span>
     <span class='ocr_line' id='line_1_27' title="bbox 584 3292 2673 3382; baseline -0.001 -19"><span class='ocrx_word' id='word_1_191' title='bbox 584 3297 703 3382; x_wconf 88' lang='lat' dir='ltr'><strong>qui</strong></span> <span class='ocrx_word' id='word_1_192' title='bbox 722 3316 845 3362; x_wconf 88' lang='lat' dir='ltr'><strong>eas</strong></span> <span class='ocrx_word' id='word_1_193' title='bbox 863 3295 1067 3362; x_wconf 90' lang='lat' dir='ltr'><strong>modo</strong></span> <span class='ocrx_word' id='word_1_194' title='bbox 1094 3295 1455 3380; x_wconf 89' lang='lat' dir='ltr'><strong>possident</strong></span> <span class='ocrx_word' id='word_1_195' title='bbox 1478 3292 1851 3360; x_wconf 89' lang='lat' dir='ltr'><strong>haeredum</strong></span> <span class='ocrx_word' id='word_1_196' title='bbox 1873 3293 2064 3358; x_wconf 89' lang='lat' dir='ltr'><strong>uitae</strong></span> <span class='ocrx_word' id='word_1_197' title='bbox 2082 3292 2335 3378; x_wconf 88' lang='lat' dir='ltr'><strong>spatio,</strong></span> <span class='ocrx_word' id='word_1_198' title='bbox 2355 3293 2428 3357; x_wconf 90' lang='lat' dir='ltr'><strong>in</strong></span> <span class='ocrx_word' id='word_1_199' title='bbox 2453 3293 2673 3378; x_wconf 84' lang='lat' dir='ltr'><strong>ipsius</strong></span> 
     </span>
     <span class='ocr_line' id='line_1_28' title="bbox 588 3393 2676 3480; baseline -0.002 -17"><span class='ocrx_word' id='word_1_200' title='bbox 588 3397 921 3463; x_wconf 86' lang='lat' dir='ltr'><strong>antistitis</strong></span> <span class='ocrx_word' id='word_1_201' title='bbox 962 3395 1057 3461; x_wconf 89' lang='lat' dir='ltr'><strong>sit</strong></span> <span class='ocrx_word' id='word_1_202' title='bbox 1098 3395 1387 3460; x_wconf 88' lang='lat' dir='ltr'><strong>arbitrio</strong></span> <span class='ocrx_word' id='word_1_203' title='bbox 1430 3393 1595 3480; x_wconf 90' lang='lat' dir='ltr'><strong>quid</strong></span> <span class='ocrx_word' id='word_1_204' title='bbox 1643 3393 1802 3460; x_wconf 91' lang='lat' dir='ltr'><strong>inde</strong></span> <span class='ocrx_word' id='word_1_205' title='bbox 1839 3393 2037 3473; x_wconf 88' lang='lat' dir='ltr'><strong>uelit,</strong></span> <span class='ocrx_word' id='word_1_206' title='bbox 2077 3401 2150 3459; x_wconf 90' lang='lat' dir='ltr'><strong>et</strong></span> <span class='ocrx_word' id='word_1_207' title='bbox 2183 3393 2526 3477; x_wconf 89' lang='lat' dir='ltr'><strong>quomodo</strong></span> <span class='ocrx_word' id='word_1_208' title='bbox 2565 3393 2676 3460; x_wconf 89' lang='lat' dir='ltr'><strong>sui</strong></span> 
     </span>
     <span class='ocr_line' id='line_1_29' title="bbox 590 3494 2673 3578; baseline -0.001 -16"><span class='ocrx_word' id='word_1_209' title='bbox 590 3497 767 3564; x_wconf 88' lang='lat' dir='ltr'><strong>uelle</strong></span> <span class='ocrx_word' id='word_1_210' title='bbox 794 3498 892 3562; x_wconf 91' lang='lat' dir='ltr'><strong>sit</strong></span> <span class='ocrx_word' id='word_1_211' title='bbox 928 3495 1089 3562; x_wconf 91' lang='lat' dir='ltr'><strong>inde</strong></span> <span class='ocrx_word' id='word_1_212' title='bbox 1130 3494 1235 3562; x_wconf 85' lang='lat' dir='ltr'><strong>ita</strong></span> <span class='ocrx_word' id='word_1_213' title='bbox 1264 3502 1427 3576; x_wconf 89' lang='lat' dir='ltr'><strong>stet,</strong></span> <span class='ocrx_word' id='word_1_214' title='bbox 1468 3495 1618 3562; x_wconf 86' lang='lat' dir='ltr'><strong>siue</strong></span> <span class='ocrx_word' id='word_1_215' title='bbox 1648 3494 1737 3561; x_wconf 87' lang='lat' dir='ltr'><strong>ad</strong></span> <span class='ocrx_word' id='word_1_216' title='bbox 1772 3514 1974 3560; x_wconf 91' lang='lat' dir='ltr'><strong>suum</strong></span> <span class='ocrx_word' id='word_1_217' title='bbox 2002 3513 2176 3578; x_wconf 90' lang='lat' dir='ltr'><strong>opus</strong></span> <span class='ocrx_word' id='word_1_218' title='bbox 2205 3513 2326 3559; x_wconf 86' lang='lat' dir='ltr'><strong>eas</strong></span> <span class='ocrx_word' id='word_1_219' title='bbox 2359 3494 2673 3572; x_wconf 88' lang='lat' dir='ltr'><strong>retinere,</strong></span> 
     </span>
     <span class='ocr_line' id='line_1_30' title="bbox 590 3593 2678 3680; baseline -0.001 -17"><span class='ocrx_word' id='word_1_220' title='bbox 590 3598 649 3663; x_wconf 89' lang='lat' dir='ltr'><strong>si</strong></span> <span class='ocrx_word' id='word_1_221' title='bbox 675 3599 775 3664; x_wconf 90' lang='lat' dir='ltr'><strong>sic</strong></span> <span class='ocrx_word' id='word_1_222' title='bbox 794 3596 927 3662; x_wconf 88' lang='lat' dir='ltr'><strong>sibi</strong></span> <span class='ocrx_word' id='word_1_223' title='bbox 961 3596 1133 3662; x_wconf 90' lang='lat' dir='ltr'><strong>utile</strong></span> <span class='ocrx_word' id='word_1_224' title='bbox 1148 3595 1585 3675; x_wconf 83' lang='lat' dir='ltr'><strong>indicauerit,</strong></span> <span class='ocrx_word' id='word_1_225' title='bbox 1619 3595 1769 3662; x_wconf 89' lang='lat' dir='ltr'><strong>siue</strong></span> <span class='ocrx_word' id='word_1_226' title='bbox 1803 3615 1923 3661; x_wconf 90' lang='lat' dir='ltr'><strong>eas</strong></span> <span class='ocrx_word' id='word_1_227' title='bbox 1951 3594 2160 3662; x_wconf 87' lang='lat' dir='ltr'><strong>alicui</strong></span> <span class='ocrx_word' id='word_1_228' title='bbox 2187 3593 2448 3660; x_wconf 89' lang='lat' dir='ltr'><strong>diutius</strong></span> <span class='ocrx_word' id='word_1_229' title='bbox 2475 3613 2678 3680; x_wconf 87' lang='lat' dir='ltr'><strong>prae-</strong></span> 
     </span>
     <span class='ocr_line' id='line_1_31' title="bbox 591 3694 2678 3780; baseline -0.002 -18"><span class='ocrx_word' id='word_1_230' title='bbox 591 3705 799 3776; x_wconf 87' lang='lat' dir='ltr'><strong>stare,</strong></span> <span class='ocrx_word' id='word_1_231' title='bbox 816 3698 881 3762; x_wconf 89' lang='lat' dir='ltr'><strong>si</strong></span> <span class='ocrx_word' id='word_1_232' title='bbox 904 3695 1007 3762; x_wconf 89' lang='lat' dir='ltr'><strong>sic</strong></span> <span class='ocrx_word' id='word_1_233' title='bbox 1025 3695 1159 3762; x_wconf 88' lang='lat' dir='ltr'><strong>sibi</strong></span> <span class='ocrx_word' id='word_1_234' title='bbox 1188 3694 1526 3780; x_wconf 85' lang='lat' dir='ltr'><strong>placuerit</strong></span> <span class='ocrx_word' id='word_1_235' title='bbox 1542 3695 1749 3778; x_wconf 86' lang='lat' dir='ltr'><strong>uelit;</strong></span> <span class='ocrx_word' id='word_1_236' title='bbox 1779 3696 1883 3762; x_wconf 88' lang='lat' dir='ltr'><strong>ita</strong></span> <span class='ocrx_word' id='word_1_237' title='bbox 1901 3695 2272 3761; x_wconf 83' lang='lat' dir='ltr'><strong>dumtaxat</strong></span> <span class='ocrx_word' id='word_1_238' title='bbox 2298 3701 2381 3760; x_wconf 93' lang='lat' dir='ltr'><strong>ut</strong></span> <span class='ocrx_word' id='word_1_239' title='bbox 2407 3713 2678 3778; x_wconf 87' lang='lat' dir='ltr'><strong>semper</strong></span> 
     </span>
     <span class='ocr_line' id='line_1_32' title="bbox 593 3794 2676 3880; baseline -0.002 -17"><span class='ocrx_word' id='word_1_240' title='bbox 593 3797 967 3864; x_wconf 83' lang='lat' dir='ltr'><strong>aecclesiae</strong></span> <span class='ocrx_word' id='word_1_241' title='bbox 995 3796 1285 3862; x_wconf 87' lang='lat' dir='ltr'><strong>seruitia</strong></span> <span class='ocrx_word' id='word_1_242' title='bbox 1317 3795 1613 3880; x_wconf 89' lang='lat' dir='ltr'><strong>pleniter</strong></span> <span class='ocrx_word' id='word_1_243' title='bbox 1640 3803 1723 3862; x_wconf 91' lang='lat' dir='ltr'><strong>ut</strong></span> <span class='ocrx_word' id='word_1_244' title='bbox 1750 3795 2049 3880; x_wconf 86' lang='lat' dir='ltr'><strong>praefati</strong></span> <span class='ocrx_word' id='word_1_245' title='bbox 2075 3813 2317 3860; x_wconf 85' lang='lat' dir='ltr'><strong>sumus</strong></span> <span class='ocrx_word' id='word_1_246' title='bbox 2347 3794 2506 3860; x_wconf 91' lang='lat' dir='ltr'><strong>inde</strong></span> <span class='ocrx_word' id='word_1_247' title='bbox 2522 3814 2676 3878; x_wconf 92' lang='lat' dir='ltr'><strong>per·</strong></span> 
     </span>
     <span class='ocr_line' id='line_1_33' title="bbox 594 3893 2680 3982; baseline -0.002 -17"><span class='ocrx_word' id='word_1_248' title='bbox 594 3897 971 3965; x_wconf 87' lang='lat' dir='ltr'><strong>soluantur.</strong></span> <span class='ocrx_word' id='word_1_249' title='bbox 1062 3895 1202 3962; x_wconf 77' lang='lat' dir='ltr'><strong>Ast</strong></span> <span class='ocrx_word' id='word_1_250' title='bbox 1232 3897 1295 3961; x_wconf 88' lang='lat' dir='ltr'><strong>si</strong></span> <span class='ocrx_word' id='word_1_251' title='bbox 1327 3895 1494 3982; x_wconf 89' lang='lat' dir='ltr'><strong>quid</strong></span> <span class='ocrx_word' id='word_1_252' title='bbox 1538 3895 2008 3980; x_wconf 84' lang='lat' dir='ltr'><strong>praefatorum</strong></span> <span class='ocrx_word' id='word_1_253' title='bbox 2056 3893 2292 3960; x_wconf 91' lang='lat' dir='ltr'><strong>delicti</strong></span> <span class='ocrx_word' id='word_1_254' title='bbox 2323 3895 2680 3979; x_wconf 84' lang='lat' dir='ltr'><strong>praeuari-</strong></span> 
     </span>
    </p>
   </div>
   <div class='ocr_carea' id='block_1_3' title="bbox 463 3994 2682 4095">
    <p class='ocr_par' dir='ltr' id='par_1_3' title="bbox 463 3994 2682 4095">
     <span class='ocr_line' id='line_1_34' title="bbox 463 3994 2682 4095; baseline -0.003 -29"><span class='ocrx_word' id='word_1_255' title='bbox 463 4070 477 4095; x_wconf 57' lang='grc'><strong><em>,</em></strong></span> <span class='ocrx_word' id='word_1_256' title='bbox 594 3999 815 4066; x_wconf 83' lang='lat' dir='ltr'><strong>cantis</strong></span> <span class='ocrx_word' id='word_1_257' title='bbox 843 4015 1059 4065; x_wconf 86' lang='lat' dir='ltr'><strong>causa</strong></span> <span class='ocrx_word' id='word_1_258' title='bbox 1097 3995 1391 4062; x_wconf 78' lang='lat' dir='ltr'><strong>desuerit</strong></span> <span class='ocrx_word' id='word_1_259' title='bbox 1425 3997 1678 4076; x_wconf 84' lang='lat' dir='ltr'><strong>iurum,</strong></span> <span class='ocrx_word' id='word_1_260' title='bbox 1712 3994 2326 4080; x_wconf 86' lang='lat' dir='ltr'><strong>praeuaricationis</strong></span> <span class='ocrx_word' id='word_1_261' title='bbox 2359 3994 2682 4060; x_wconf 90' lang='lat' dir='ltr'><strong>delictum</strong></span> 
     </span>
    </p>
   </div>
   <div class='ocr_carea' id='block_1_4' title="bbox 594 4093 2692 4486">
    <p class='ocr_par' dir='ltr' id='par_1_4' title="bbox 594 4093 2692 4486">
     <span class='ocr_line' id='line_1_35' title="bbox 594 4093 2686 4182; baseline -0.001 -18"><span class='ocrx_word' id='word_1_262' title='bbox 594 4097 967 4164; x_wconf 83' lang='lat' dir='ltr'><strong>secundum</strong></span> <span class='ocrx_word' id='word_1_263' title='bbox 1026 4097 1211 4182; x_wconf 87' lang='lat' dir='ltr'><strong>quod</strong></span> <span class='ocrx_word' id='word_1_264' title='bbox 1256 4095 1597 4182; x_wconf 86' lang='lat' dir='ltr'><strong>praesulis</strong></span> <span class='ocrx_word' id='word_1_265' title='bbox 1656 4096 1765 4162; x_wconf 89' lang='lat' dir='ltr'><strong>ius</strong></span> <span class='ocrx_word' id='word_1_266' title='bbox 1814 4103 1924 4161; x_wconf 88' lang='lat' dir='ltr'><strong>est</strong></span> <span class='ocrx_word' id='word_1_267' title='bbox 1976 4093 2316 4174; x_wconf 91' lang='lat' dir='ltr'><strong>emendet,</strong></span> <span class='ocrx_word' id='word_1_268' title='bbox 2378 4102 2504 4161; x_wconf 90' lang='lat' dir='ltr'><strong>aut</strong></span> <span class='ocrx_word' id='word_1_269' title='bbox 2559 4095 2686 4162; x_wconf 91' lang='lat' dir='ltr'><strong>illo</strong></span> 
     </span>
     <span class='ocr_line' id='line_1_36' title="bbox 596 4194 2685 4291; baseline -0.002 -25"><span class='ocrx_word' id='word_1_270' title='bbox 596 4219 732 4286; x_wconf 87' lang='lat' dir='ltr'><strong>quo</strong></span> <span class='ocrx_word' id='word_1_271' title='bbox 773 4205 985 4266; x_wconf 83' lang='lat' dir='ltr'><strong>antea</strong></span> <span class='ocrx_word' id='word_1_272' title='bbox 1022 4198 1289 4291; x_wconf 84' lang='lat' dir='ltr'><strong>potitus</strong></span> <span class='ocrx_word' id='word_1_273' title='bbox 1332 4205 1443 4264; x_wconf 80' lang='lat' dir='ltr'><strong>est</strong></span> <span class='ocrx_word' id='word_1_274' title='bbox 1484 4196 1669 4264; x_wconf 90' lang='lat' dir='ltr'><strong>dono</strong></span> <span class='ocrx_word' id='word_1_275' title='bbox 1710 4203 1786 4262; x_wconf 90' lang='lat' dir='ltr'><strong>et</strong></span> <span class='ocrx_word' id='word_1_276' title='bbox 1835 4203 2024 4262; x_wconf 83' lang='lat' dir='ltr'><strong>terra</strong></span> <span class='ocrx_word' id='word_1_277' title='bbox 2065 4203 2318 4262; x_wconf 81' lang='lat' dir='ltr'><strong>careat.</strong></span> <span class='ocrx_word' id='word_1_278' title='bbox 2408 4194 2485 4262; x_wconf 88' lang='lat' dir='ltr'><strong>Si</strong></span> <span class='ocrx_word' id='word_1_279' title='bbox 2527 4197 2685 4281; x_wconf 90' lang='lat' dir='ltr'><strong>quis</strong></span> 
     </span>
     <span class='ocr_line' id='line_1_37' title="bbox 596 4295 2692 4382; baseline -0.001 -16"><span class='ocrx_word' id='word_1_280' title='bbox 596 4318 785 4380; x_wconf 88' lang='lat' dir='ltr'><strong>nero,</strong></span> <span class='ocrx_word' id='word_1_281' title='bbox 817 4295 1094 4366; x_wconf 88' lang='lat' dir='ltr'><strong>diabolo</strong></span> <span class='ocrx_word' id='word_1_282' title='bbox 1134 4297 1537 4382; x_wconf 78' lang='lat' dir='ltr'><strong>instigante,</strong></span> <span class='ocrx_word' id='word_1_283' title='bbox 1586 4297 1771 4382; x_wconf 86' lang='lat' dir='ltr'><strong>quod</strong></span> <span class='ocrx_word' id='word_1_284' title='bbox 1817 4296 2097 4362; x_wconf 88' lang='lat' dir='ltr'><strong>minime</strong></span> <span class='ocrx_word' id='word_1_285' title='bbox 2129 4303 2472 4382; x_wconf 85' lang='lat' dir='ltr'><strong>optamus,</strong></span> <span class='ocrx_word' id='word_1_286' title='bbox 2505 4297 2692 4364; x_wconf 88' lang='lat' dir='ltr'><strong>exti-</strong></span> 
     </span>
     <span class='ocr_line' id='line_1_38' title="bbox 596 4395 2690 4486; baseline -0.002 -20"><span class='ocrx_word' id='word_1_287' title='bbox 596 4399 777 4482; x_wconf 87' lang='lat' dir='ltr'><strong>terit,</strong></span> <span class='ocrx_word' id='word_1_288' title='bbox 803 4399 925 4485; x_wconf 89' lang='lat' dir='ltr'><strong>qui</strong></span> <span class='ocrx_word' id='word_1_289' title='bbox 940 4419 1067 4486; x_wconf 87' lang='lat' dir='ltr'><strong>per</strong></span> <span class='ocrx_word' id='word_1_290' title='bbox 1086 4407 1397 4467; x_wconf 86' lang='lat' dir='ltr'><strong>nostrum</strong></span> <span class='ocrx_word' id='word_1_291' title='bbox 1424 4397 1832 4471; x_wconf 81' lang='lat' dir='ltr'><strong>beneficium</strong></span> <span class='ocrx_word' id='word_1_292' title='bbox 1856 4397 2260 4466; x_wconf 82' lang='lat' dir='ltr'><strong>aecclesiam</strong></span> <span class='ocrx_word' id='word_1_293' title='bbox 2290 4396 2402 4464; x_wconf 87' lang='lat' dir='ltr'><strong>dei</strong></span> <span class='ocrx_word' id='word_1_294' title='bbox 2421 4395 2690 4476; x_wconf 83' lang='lat' dir='ltr'><strong>fraude,</strong></span> 
     </span>
    </p>
   </div>
  </div>
 </body>
</html>
