3552 5764
984 590 1115 658 128
1500 605 1846 655 cmm-ruz
1891 592 2575 653 Au'enossxomom.

989 762 1270 830 Seaxan
1324 761 1463 828 and
1507 782 1599 828 on
1647 762 1914 829 Middel
1957 762 2236 829 Seaxan
2275 759 2411 825 and
2447 778 2538 825 on
2583 758 2758 823 East
2783 756 3086 837 Seaxan,

986 868 1133 930 saet
1176 883 1252 929 se
1302 862 1698 946 arcebiscop
1752 863 1892 928 mid
1943 860 2256 929 hisselfes
2304 850 2440 928 ‘zise
2494 847 2853 942 gefihnode
2883 857 3086 924 Gode

992 963 1129 1030 aud
1160 970 1400 1029 sancte
1434 962 1714 1030 Andrea
1728 964 1871 1030 mid
1893 954 2050 1029 &am
2078 952 2306 1028 bocan
2335 982 2426 1027 on
2454 960 2718 1027 Cristes
2746 950 2962 1025 hrode
2991 966 3089 1026 &a

985 1062 1153 1129 land
1202 1062 1285 1129 Ue
1342 1053 1697 1129 Leb'fsunu
1749 1064 1892 1130 him
1946 1052 2214 1131 t6te‘aeih·.
2331 1060 2493 1127 And
2543 1059 2735 1127 oaene
2778 1047 2874 1125 fis
2918 1048 3082 1125 n‘am

987 1163 1337 1248 wulfsige
1392 1183 1470 1229 se
1520 1156 1917 1249 scirigman,
1972 1154 2064 1230 δἐἰ
2119 1162 2206 1229 he
2261 1160 2467 1228 nolde
2528 1151 2605 1227 ιδ
2653 1159 2796 1227 §aas
2849 1160 3082 1243 cinges

988 1263 1263 1347 handa3
1309 1263 1447 1331 and
1489 1254 1644 1332 effer
1670 1284 1834 1331 waes
1879 1254 2023 1350 god
2079 1253 2250 1330 efica
2297 1271 2418 1331 ten
2459 1260 2742 1328 hundan
2781 1280 3081 1327 mannan

984 1368 1076 1434 '60
1100 1370 1284 1433 vane
1313 1352 1411 1433 ‘av
1439 1364 1750 1433 sealdan.

1698 1579 2380 1649 MGGLXXXIX.

1671 1731 2199 1813 AEDELRED,
2241 1731 2394 1797 995.

1098 1869 1179 1951 ›1‹
1220 1865 1598 1949 chan
1627 1867 2125 1952 perpetualiter
2174 1883 2583 1950 permanens
2624 1884 2668 1930 a
2711 1864 3082 1932 saeculari-

986 1968 1118 2034 bus
1168 1968 1403 2051 agitur
1458 1967 1631 2034 seris
1691 1967 2077 2033 litterarum
2125 1964 2412 2031 firmiter
2463 1966 2714 2031 muniri
2765 1965 3075 2045 debetur,

987 2069 1153 2153 quia
1176 2067 1525 2134 hominum
1562 2067 1832 2151 fragilis
1873 2067 2202 2133 memoria
2243 2065 2594 2132 moriendo
2623 2066 3078 2146 obliuiscitur,

987 2168 1174 2254 quod
1200 2170 1543 2252 scriptura
1570 2168 1957 2234 litterarum
1979 2168 2322 2233 seruando
2349 2167 2616 2233 retinet.
2719 2167 2923 2233 Unde
2943 2188 3076 2251 ego

986 2269 1340 2347 AEoelred,
1382 2270 1611 2353 gratia
1655 2269 1767 2334 dei
1806 2268 2194 2353 Anglorum
2228 2287 2380 2346 rex,
2413 2267 2679 2333 cunctis
2707 2269 2879 2333 meis
2911 2269 3076 2335 uolo

988 2376 1229 2435 notum
1286 2369 1531 2436 adesse
1590 2368 1931 2449 fidelibus,
1989 2368 2174 2454 quod
2235 2386 2367 2450 ego
2414 2367 2563 2433 iure
2619 2367 3077 2434 haereditario

984 2469 1259 2535 cuidam
1324 2488 1476 2535 meo
1531 2470 1733 2535 militi
1795 2470 2070 2535 nomine
2129 2466 2470 2553 AEsselwig
2523 2468 2824 2553 quinque
2851 2469 3075 2535 trado

987 2588 1293 2648 mansos,
1319 2569 1393 2634 in
1426 2569 1597 2635 uilla
1625 2589 1806 2655 quae
1835 2588 1882 2635 a
1907 2570 2091 2637 notis
2119 2576 2412 2635 uocatur
2441 2568 2805 2635 Eardulfes
2837 2570 2973 2649 lea,
2995 2577 3075 2636 ut

984 2669 1135 2735 uita
1166 2670 1419 2737 comite
1449 2688 1570 2735 eos
1600 2669 1994 2754 possideat3
2043 2676 2116 2736 et
2143 2677 2511 2755 postquam
2546 2669 2694 2735 dies
2723 2676 3076 2736 extremus

986 2770 1136 2835 eius
1197 2768 1524 2836 clauserit
1582 2770 1847 2850 oculos,
1909 2771 2314 2856 cuicumque
2375 2770 2597 2837 amico
2643 2770 2944 2837 uoluerit
3001 2771 3074 2837 in

984 2876 1394 2957 perpetuam
1463 2870 1900 2957 derelinquat
1975 2870 2503 2957 possessionem.
2650 2869 2758 2938 Sit
2836 2876 3072 2939 autem

984 2991 1314 3058 praesens
1353 2971 1635 3039 donatio
1680 2972 2003 3039 absoluta
2041 2973 2130 3038 ab
2159 2971 2348 3038 omni
2371 2971 2610 3038 seruili
2635 2972 2822 3057 iugo,
2851 2972 3074 3039 tribus

984 3080 1219 3140 tamen
1277 3075 1481 3138 rebus
1528 3073 1862 3158 exceptis,
1917 3073 2238 3158 populari
2287 3073 2552 3139 scilicet
2613 3073 3072 3157 expeditione,

984 3174 1165 3239 arcis
1226 3173 1762 3253 constructione,
1821 3175 2050 3258 pontis
2111 3173 2635 3240 restauratione.
2756 3172 3075 3254 Qualiter

982 3293 1153 3339 uero
1181 3290 1508 3357 praesens
1538 3279 1725 3340 terra
1751 3273 1825 3338 in
1863 3294 2018 3341 mea
2059 3272 2414 3340 aduenerit
2443 3293 2652 3339 manu
2684 3274 2880 3339 breui
2912 3275 3074 3341 uolo

983 3373 1345 3440 enucleare
1377 3392 1710 3440 sermone.
1814 3374 1989 3440 Tres
2007 3375 2258 3440 fratres
2284 3374 2358 3439 in
2381 3374 2678 3459 quodam
2699 3374 3074 3441 residentes

984 3473 1331 3552 conuiuio,
1366 3493 1657 3558 quorum
1706 3492 1890 3540 unus
1940 3475 2172 3554 homo,
2220 3475 2493 3540 nomine
2543 3473 2840 3553 Leofric,
2872 3475 3072 3541 insti-

986 3580 1200 3658 gante
1229 3573 1505 3640 diabolo
1532 3573 1805 3640 furatus
1833 3583 1942 3641 est
1967 3575 2275 3652 frenum;
2323 3594 2463 3660 quo
2493 3575 2778 3642 inuento
2805 3575 2878 3641 in
2898 3575 3076 3641 eius·

982 3675 1140 3741 dem
1168 3675 1325 3740 sinu
1352 3674 1624 3740 concito
1657 3694 1866 3740 cursu
1897 3676 2018 3760 qui
2044 3675 2309 3742 frenum
2335 3661 2800 3759 perdiderunt,
2826 3682 2900 3741 et
2931 3683 3072 3742 tres

982 3775 1258 3856 statres,
1290 3773 1625 3859 praedicti
1658 3774 1830 3842 furis
1858 3776 2138 3854 domini,
2173 3775 2442 3842 concito
2472 3795 2678 3842 cursu
2713 3775 2971 3842 bellum
2995 3775 3070 3841 in

980 3875 1280 3941 inuicem
1332 3875 1767 3958 insurgentes
1818 3875 2156 3953 inierunt;
2206 3876 2474 3942 duobus
2525 3896 2689 3943 uero
2741 3875 3072 3943 fratribus

980 3975 1055 4042 in
1103 3975 1287 4042 bello
1329 3977 1729 4061 peremptis,
1760 3975 2039 4042 AElfnoss
2079 3977 2204 4042 sed
2245 3985 2319 4043 et
2349 3977 2620 4057 AElfric,
2663 3978 2786 4043 uix
2815 3977 3074 4043 tercius

986 4075 1403 4141 AE'seluuine
1476 4097 1635 4143 cum
1717 4077 2071 4161 praedicto
2144 4078 2410 4144 latrone
2489 4079 2717 4144 euasit
2793 4085 3074 4144 sanctae

982 4175 1302 4241 Helenae
1340 4177 1611 4243 intrans
1654 4178 2103 4255 aecclesiam3
2163 4179 2850 4245 circummanentibus
2901 4197 3072 4244 uero

980 4275 1153 4342 haec
1180 4275 1419 4342 eadem
1474 4278 1937 4359 audientibus,
1969 4279 2351 4363 AE’seluuig
2395 4299 2590 4344 meus
2631 4279 3072 4362 praepositus

974 4375 1048 4443 in
1078 4376 1559 4460 Bucingaham
1585 4385 1657 4445 et
1672 4378 1988 4464 winsige
2017 4380 2454 4465 praepositus
2479 4399 2570 4446 on
2593 4379 3074 4460 Oxonaforda,
