3552 5764
939 565 1282 616 canus
1333 565 2019 619 ANGmSAxochs.
2435 551 2520 616 21

431 741 711 788 neorum
743 721 1084 807 quispiam
1117 723 1482 806 tyrannica
1505 723 1722 790 fretus
1752 727 2187 792 contumacia
2212 726 2285 792 in
2316 745 2517 809 prae·

429 823 614 888 dicto
674 823 1090 889 monasterio
1150 823 1261 887 ius
1337 824 1672 907 arripiens
1739 833 2059 892 exerceat
2128 826 2517 911 potestatis,

427 922 549 986 sed
601 923 908 988 eiusdem
960 923 1273 988 coenobii
1324 923 1688 1006 collegium
1751 933 2123 1009 perpetuae
2183 934 2262 991 ut
2313 946 2513 1010 prae-

425 1021 576 1086 dixi
604 1022 944 1088 libertatis
991 1023 1324 1106 glorietur
1368 1023 1754 1107 priuilegio.
1881 1024 1990 1089 Sit
2042 1033 2273 1091 autem
2319 1046 2514 1111 prae-

423 1121 647 1186 fatum
717 1123 1206 1188 monasterium
1255 1124 1438 1188 omni
1493 1129 1805 1188 terrenae
1859 1125 2215 1190 seruitutis
2275 1127 2506 1190 eodem

423 1229 660 1286 tenore
713 1223 1024 1299 liberum,
1069 1241 1210 1305 quo
1267 1241 1312 1288 a
1363 1224 1915 1306 praecessoribus
1966 1225 2222 1290 nostris
2271 1224 2511 1290 catho-

421 1320 602 1398 licis,
637 1341 682 1386 a
725 1331 969 1387 sancto
1011 1321 1242 1388 Le0ne
1272 1322 1591 1389 uidelicet
1621 1342 1829 1408 papa,
1865 1330 1937 1389 et
1974 1323 2309 1389 Goenulso
2350 1345 2511 1408 rege

421 1421 788 1500 catholico,
813 1428 1092 1487 uetusto
1123 1423 1513 1488 continetur
1540 1423 1904 1506 priuilegio
1936 1423 2233 1489 Revuno
2260 1425 2510 1490 abbate

421 1521 780 1588 obtinente
821 1521 1162 1597 solutum;
1217 1523 1364 1604 agri
1421 1520 1732 1604 equidem
1783 1523 1967 1606 [qui]
2022 1523 2109 1588 ad
2158 1543 2325 1588 usus
2369 1545 2509 1590 mo-

419 1620 798 1686 nachorum
833 1621 1110 1688 domino
1149 1629 1386 1687 nostro
1419 1621 1632 1688 Ihesu
1666 1620 1945 1687 Christo
1988 1622 2269 1706 eiusque
2318 1625 2507 1706 geni-

419 1721 576 1785 trici
613 1720 884 1787 Mariae
915 1722 1156 1805 priscis
1191 1721 1666 1805 modernisque
1696 1722 2118 1805 temporibus
2155 1740 2200 1787 a
2232 1725 2507 1806 regibus

419 1827 490 1885 et
529 1821 876 1904 religiosis
921 1822 1276 1904 utriusque
1319 1840 1530 1886 sexus
1577 1821 1987 1899 hominibus,
2036 1832 2107 1887 et
2156 1841 2201 1886 a
2244 1823 2507 1907 meipso

417 1939 710 2006 meoque
762 1928 1012 2004 patruo
1047 1920 1362 1986 Eadredo
1423 1939 1584 2004 rege
1628 1921 2023 1986 fidelissimo
2080 1923 2505 1990 restituendo

417 2019 572 2085 iure
620 2021 930 2086 concessi
987 2028 1170 2099 sunt,
1220 2020 1521 2085 eiusdem
1576 2021 2067 2104 perpetualiter
2118 2023 2257 2086 sint
2311 2022 2508 2088 liber-

415 2120 611 2185 tatis.
691 2119 878 2186 Nam
910 2141 1035 2186 rex
1057 2119 1432 2206 praefatus,
1455 2139 1574 2185 rus
1604 2121 1787 2204 quod
1820 2118 2210 2186 Abbendun
2243 2142 2504 2188 nuncu·

413 2229 646 2302 patur,
663 2219 848 2304 quod
877 2240 1002 2286 rex
1023 2219 1390 2286 ceadwala
1419 2219 1696 2285 domino
1724 2228 1960 2286 nostro
1994 2221 2276 2305 eiusque
2304 2224 2500 2306 geni-

415 2321 572 2384 trici
625 2320 897 2385 Mariae
947 2321 1188 2404 priscis
1247 2320 1664 2404 temporibus
1745 2319 1998 2386 deuote
2070 2330 2503 2388 concesserat

415 2419 672 2498 animo,
704 2421 775 2486 in
808 2440 946 2504 quo
991 2419 1548 2504 praedecessores
1579 2420 1819 2497 nostri,
1850 2420 2189 2486 diabolica
2231 2420 2500 2508 decepti

413 2521 739 2596 auaritia,
769 2519 1151 2585 aedificium
1195 2519 1430 2603 regale
1467 2520 1598 2584 sibi
1647 2519 1903 2585 iniuste
1940 2528 2497 2602 construxerant,

413 2621 790 2686 aecclesiae
817 2619 928 2684 dei
955 2621 1342 2698 restituens,
1358 2619 1715 2684 interdixit
1744 2627 1823 2685 ut
1844 2633 2083 2702 regum
2106 2641 2306 2686 nemo
2333 2622 2499 2688 inibi

411 2727 689 2804 pastum
723 2720 1119 2805 requireret,
1150 2739 1274 2785 nec
1303 2718 1684 2785 aedificium
1719 2718 1791 2783 in
1826 2720 2311 2802 sempiternum
2336 2741 2497 2787 con-

410 2827 758 2899 strueret3
803 2818 987 2905 quod
1030 2839 1160 2904 ego
1209 2818 1499 2903 Eadwig
1530 2817 1915 2903 Anglorum
1955 2819 2276 2899 basileus,
2323 2823 2497 2905 opti-

409 2930 672 2987 matum
703 2940 1005 2987 meorum
1041 2940 1210 2985 usus
1243 2920 1553 2998 consilio,
1587 2926 1731 2984 tam
1758 2921 1929 2984 meis
1963 2938 2164 3003 quam
2194 2940 2495 2986 meorum

407 3040 884 3089 successorum
942 3022 1362 3105 temporibus
1425 3021 1642 3085 fixum
1695 3020 1766 3083 in
1819 3020 2091 3084 nomine
2151 3021 2367 3102 patris
2426 3029 2497 3086 et

409 3120 534 3186 filii
573 3129 644 3187 et
683 3122 968 3205 spiritus
1009 3122 1230 3186 sancti
1259 3120 1407 3186 fieri
1437 3120 1509 3184 in
1554 3126 1906 3184 aeternum
1944 3119 2315 3203 praecipio.
2418 3120 2492 3185 Si

408 3222 566 3305 quis
637 3240 808 3287 uero
869 3228 1013 3286 tam
1089 3220 1585 3306 epilempticuS,
1635 3218 2100 3303 philargyriae
2172 3218 2495 3286 seductus

407 3320 738 3400 amentia,
785 3319 969 3405 quod
1045 3340 1182 3386 non
1241 3327 1585 3403 optamus,
1645 3318 1823 3384 hanc
1885 3325 2163 3384 nostrae
2226 3320 2495 3383 munifi-

405 3424 676 3487 centiae
719 3420 1182 3505 dapsilitatem
1225 3438 1400 3485 ausu
1435 3420 1795 3485 temerario
1831 3417 2201 3502 infringere
2247 3426 2497 3503 tempt-

409 3522 656 3599 auerit,
685 3522 778 3587 sit
821 3521 972 3605 ipse
1004 3521 1342 3586 alienatus
1390 3537 1435 3584 a
1485 3520 1831 3585 consortio
1874 3530 2155 3584 sanctae
2186 3518 2297 3583 dei
2340 3538 2497 3585 aec-

411 3622 684 3700 clesiae,
726 3640 994 3687 necnon
1062 3629 1135 3686 et
1185 3640 1231 3684 a
1284 3619 1808 3704 participatione
1860 3618 2278 3683 sacrosancti
2344 3638 2495 3683 cor-

411 3720 604 3804 poris
659 3728 730 3787 et
781 3720 1140 3803 sanguinis
1190 3718 1400 3784 Ihesu
1438 3718 1697 3784 Christi
1747 3718 1871 3782 filii
1926 3718 2060 3794 dei,
2114 3737 2237 3801 per
2287 3735 2491 3802 quem

409 3829 606 3886 totus
658 3827 986 3885 terrarum
1034 3820 1221 3886 orbis
1262 3820 1352 3884 ab
1399 3818 1686 3902 antiquo
1738 3818 2017 3882 humani
2066 3817 2334 3900 generis
2362 3819 2492 3883 ini-

403 3922 588 3986 mico
651 3920 976 3987 liberatus
1032 3927 1180 3995 est;
1239 3926 1311 3985 et
1363 3936 1518 3983 cum
1579 3916 1757 3982 Iuda
1827 3916 2085 3982 Christi
2144 3918 2491 4002 proditore

399 4022 684 4087 sinistra
725 4021 796 4085 in
837 4026 1036 4105 parte
1067 4020 1460 4104 deputatuS,
1497 4016 1631 4081 nisi
1672 4017 1865 4100 prius
1900 4016 2009 4082 hic
2047 4016 2257 4099 digna
2284 4019 2489 4083 satis-

397 4122 707 4188 factione
750 4120 1028 4185 humilis
1067 4118 1486 4203 poenituerit
1520 4116 1704 4200 quod
1743 4124 1983 4182 contra
2024 4124 2334 4183 sanctam
2378 4118 2491 4185 dei

392 4222 809 4288 aecclesiam
857 4218 1131 4285 rebellis
1174 4238 1379 4303 agere
1413 4217 1894 4302 praesumpsit,
1930 4236 2056 4282 nec
2084 4218 2154 4283 in
2183 4218 2333 4283 uita
2359 4217 2488 4285 hac

392 4324 706 4407 practica
759 4321 1056 4397 ueniam,
1119 4339 1244 4410 nec
1305 4320 1378 4384 in
1432 4318 1738 4384 theorica
1796 4318 2098 4403 requiem
2169 4325 2488 4401 apostata
