3552 5764
1004 607 1137 673 188
1518 622 1864 671 cmm-AB
1906 620 2596 671 Auemssxomcsu.

1015 777 1201 845 Cnut
1228 796 1352 842 rex
1374 775 1788 862 Anglorum,
1818 776 2116 843 sollicita
2135 786 2363 843 mente
2386 778 2757 863 cogitando
2785 796 3095 861 perscru-
3168 808 3179 817 ·

1008 878 1157 942 taui
1196 876 1626 962 profuturum
1666 896 1750 942 ac
1795 878 2255 959 necessarium
2293 898 2470 957 esse,
2508 897 2660 943 cum
2698 877 2805 943 his
2837 879 3087 943 transi-

1007 977 1203 1043 toriis
1237 985 1309 1042 et
1336 976 1615 1043 minime
1648 978 1989 1042 mansuris
2019 976 2278 1043 diuitiis
2310 986 2642 1062 perpetua
2671 984 2880 1061 atque
2908 977 3088 1061 iugi-

1012 1084 1119 1142 ter
1144 1077 1655 1160 perseuerantia
1679 1077 2024 1143 coelorum
2049 1077 2356 1161 praemia
2379 1078 2752 1161 acquirere.
2820 1076 3086 1143 Idcirco

1010 1175 1139 1241 tali
1164 1177 1492 1241 memoria
1516 1178 1898 1242 instructus
1930 1184 2141 1259 atque
2168 1196 2474 1242 meorum
2507 1177 2756 1261 ubique
2785 1183 3088 1243 anteces-

1010 1294 1244 1341 sorum
1288 1278 1651 1342 roboratus
1690 1275 2050 1360 exemplis,
2089 1276 2392 1360 aliquam
2433 1284 2655 1341 terrae
2693 1284 2982 1360 partem,
3015 1277 3084 1340 id

1007 1382 1116 1441 est
1140 1376 1315 1441 duas
1344 1396 1643 1454 mansas,
1685 1376 1834 1440 siue
1865 1395 2068 1441 unam
2111 1378 2467 1461 perticam,
2495 1378 2566 1441 in
2599 1376 2752 1441 loco
2786 1376 2908 1459 qui
2935 1375 3092 1441 unl-

1007 1475 1269 1559 gariter
1315 1476 1565 1542 dicitur
1626 1476 2176 1559 Seofenempton,
2235 1475 2731 1541 famosissimae
2787 1466 3087 1542 familiae

1007 1576 1284 1640 domino
1334 1576 1569 1641 abbati
1612 1576 2020 1654 AEtselwinm
2065 1584 2138 1643 et
2178 1577 2516 1641 uniuersis
2549 1576 2874 1641 fratribus
2918 1576 3084 1652 suis,

1009 1675 1083 1739 in
1152 1675 1274 1742 illo
1346 1684 1585 1741 sancto
1644 1681 1715 1740 et
1774 1675 2214 1742 celeberrimo
2287 1673 2441 1741 loco
2507 1676 2624 1760 qui
2690 1674 3084 1757 AEiielinga-

1008 1794 1143 1858 nye
1205 1781 1662 1859 nuncupatur,
1710 1774 1952 1841 libenti
2002 1776 2256 1853 animo,
2315 1776 2446 1841 deo
2509 1776 2958 1859 omnipotenti
3013 1784 3082 1840 et

1012 1877 1256 1941 'sancto
1289 1874 1503 1941 Petro
1546 1875 1838 1959 principi
1894 1874 2390 1960 apostolorum,
2428 1875 2628 1939 hilari
2667 1872 2867 1939 uultu
2901 1893 3087 1938 men-

1005 1980 1211 2058 teque
1279 1976 1657 2059 praeclara,
1721 1974 2045 2053 concedo,
2103 1994 2246 2059 pro·
2295 1975 2757 2060 redemptione
2819 1975 3084 2039 animae

1007 2093 1201 2139 meae
1237 2081 1308 2140 et
1350 2076 1709 2140 criminum
1752 2094 2053 2139 meorum
2096 2074 2546 2152 absolutione,
2579 2094 2736 2139 cum
2773 2074 3084 2138 omnibus

1005 2175 1206 2239 bonis
1250 2173 1338 2239 ad
1380 2194 1689 2240 mensam
1731 2174 2149 2239 coenobialis
2183 2175 2372 2239 uitae
2414 2174 2739 2239 stati-ibus
2772 2173 2903 2238 deo
2937 2192 3082 2237 ser·

1004 2274 1347 2341 aientibus
1388 2272 1681 2357 largitus
1715 2292 1894 2352 sum,
1926 2274 2251 2358 quatinus
2277 2274 2396 2338 ille
2431 2272 2838 2338 uenerabilis
2871 2275 3082 2338 abbas

1004 2374 1307 2438 eiusdem
1357 2374 1753 2439 monasterii
1804 2394 1960 2438 cum
2010 2372 2363 2439 monachis
2411 2374 2555 2437 suis
2599 2372 2786 2457 apud
2834 2373 3086 2437 altissi-

1002 2491 1188 2537 mum
1217 2472 1419 2536 deum
1442 2491 1712 2556 semper
1737 2471 2030 2539 fundant
2059 2492 2321 2557 preces,
2341 2480 2412 2537 et
2442 2472 2744 2557 quotidie
2769 2471 3087 2555 flagitant

1001 2572 1205 2637 deum
1244 2572 1319 2635 in
1362 2572 1763 2655 psalmodiis
1812 2580 1882 2637 et
1931 2571 2292 2637 missarum
2345 2571 2910 2638 celebrationibus
2959 2592 3084 2657 pro

1004 2671 1421 2737 facinoribus
1463 2672 1659 2751 meis,
1711 2679 1793 2736 ut
1841 2678 2005 2755 post
2052 2673 2316 2737 obitum
2374 2691 2600 2737 meum
2654 2691 2779 2756 per
2823 2671 3085 2736 miseri-

1000 2770 1301 2836 cordiam
1346 2770 1455 2836 dei
1497 2778 1571 2837 et
1611 2792 1735 2855 per
1775 2790 2012 2836 eorum
2053 2779 2297 2837 sancta
2328 2772 2658 2855 suffrag-ia
2689 2771 2945 2856 possim
2990 2771 3078 2836 ad

1002 2891 1224 2956 regna
1262 2870 1607 2938 coelorum
1650 2870 2028 2956 peruenire.
2131 2870 2292 2938 Hoc
2328 2872 2537 2937 etiam
2579 2872 2648 2937 in
2693 2872 2830 2938 ista
2870 2872 3082 2937 dona-

1002 2971 1213 3036 tionis
1263 2971 1454 3036 meae
1497 2971 1815 3037 chartula
1860 2971 2110 3038 addere
2153 2972 2348 3050 iussi,
2390 2979 2471 3037 ut
2510 2973 2573 3036 si
2615 2972 2688 3037 in
2737 2977 3082 3056 posterum

1002 3070 1348 3154 quaelibet
1397 3071 1575 3137 forte
1620 3091 1917 3156 persona
1963 3072 2336 3156 superioris
2381 3071 2808 3136 inferiorisue
2856 3072 3080 3154 digni-

1003 3172 1171 3237 tatis
1195 3171 1555 3256 antiquum
1578 3171 1826 3237 librum
1848 3173 2143 3257 praefati
2167 3171 2368 3250 ruris,
2386 3180 2512 3237 aut
2532 3169 3083 3256 chirographum,

1002 3270 1117 3335 uel
1155 3270 1295 3334 alia
1326 3290 1638 3355 quaeque
1676 3278 2240 3338 testamentorum
2283 3273 2542 3357 scripta
2581 3270 2669 3337 ad
2703 3271 3100 3355 praefatum-

1000 3370 1227 3434 locum
1248 3370 1686 3454 pertinentia,
1704 3371 1778 3434 in
1799 3371 2094 3436 medium
2120 3373 2506 3456 protulerit,
2526 3391 2652 3456 pro
2673 3371 2884 3436 nihilo
2906 3390 3082 3435 com—

1002 3475 1353 3553 putentur.
1442 3469 1517 3534 Si
1547 3470 1703 3554 quis
1733 3477 1962 3542 autem
1997 3481 2239 3536 contra
2267 3470 2445 3536 hanc
2477 3477 2753 3536 nostrae
2787 3471 3083 3535 beneuo—

1004 3568 1255 3633 lentiae
1276 3569 1741 3653 dapsilitatem
1770 3569 2020 3653 cupido
2046 3571 2404 3634 conamine
2431 3569 2689 3653 aliquid
2709 3571 3080 3636 machinari

999 3669 1319 3747 uoluerit,
1351 3676 1475 3733 aut
1506 3668 1811 3733 minuere
1843 3671 2307 3752 temptauerit,
2336 3689 2474 3734 non
2499 3670 2766 3735 dubitet
2793 3689 2870 3734 se
2905 3669 3084 3734 inter

996 3768 1336 3834 diabolica
1380 3777 1870 3834 tormentorum
1923 3773 2190 3834 tartara
2239 3771 2480 3848 rotari,
2535 3770 2668 3834 nisi
2730 3769 2921 3853 prius
2971 3768 3083 3833 hic

998 3869 1375 3934 cessauerit
1411 3868 1527 3933 uel
1554 3869 2040 3934 emendauerit.
2146 3869 2254 3935 Ob
2287 3869 2684 3934 affinitatem
2723 3869 3084 3934 circumia-

997 3969 1297 4033 centium
1320 3988 1641 4051 agrorum
1668 3969 1981 4054 praefata
2008 3977 2232 4034 terrae
2259 3969 2600 4054 particula
2627 3967 2761 4035 hoc
2783 3969 3084 4050 cingitur

998 4065 1389 4133 territorio.¹
1500 4068 1640 4133 His
1703 4067 2077 4134 hierarchis
2131 4069 2736 4148 consentientibus,
2793 4087 3083 4153 quorum

1006 4167 1284 4232 nomina
1308 4166 1590 4233 inferius
1618 4175 1964 4234 notantur.

1105 4268 1184 4348 ›1‹
1227 4266 1378 4350 Ego
1430 4266 1615 4333 Cnut
1658 4267 2028 4350 singularis
2075 4269 2423 4352 priuilegii
2459 4268 2844 4335 hierarchia
2887 4287 3083 4352 prae-

1510 4391 1527 4426 ¹
1559 4395 1721 4446 There
1742 4409 1830 4446 are
1851 4411 1917 4446 no
1939 4395 2241 4448 boundaries
2261 4397 2313 4446 in
2335 4397 2421 4448 the
2444 4397 2559 4449 MS.
