3552 5764
943 605 1284 654 cnutus
1327 606 2005 658 ANcmsAxochn.
2413 592 2503 656 65

419 759 700 830 Christo
742 767 1132 832 conferente
1177 786 1304 832 rex
1345 774 1415 832 et
1458 767 1886 851 primicerius
1925 767 2146 832 tocius
2180 763 2495 832 Albionis

417 865 612 946 regni
642 865 996 949 fastigium
1031 866 1271 931 humili
1301 868 1694 951 praesidens
1711 869 1961 943 animo,
1990 868 2077 931 ob
2103 885 2492 932 remunera-

417 963 668 1028 tionem
713 968 992 1031 maioris
1034 968 1345 1049 praemii,
1391 967 1887 1050 aliquantulam
1952 967 2127 1030 ruris
2188 967 2489 1050 particu-

417 1060 556 1127 lam
599 1082 761 1131 .nn.
804 1065 1124 1131 uidelicet
1161 1075 1494 1145 cassatos,
1533 1067 1685 1132 loco
1730 1068 1851 1149 qui
1891 1066 2139 1130 celebri
2168 1074 2259 1131 aet
2288 1067 2489 1131 East-

417 1161 638 1228 healle
673 1166 1037 1249 profertur,
1068 1167 1155 1231 ad
1187 1167 1586 1232 aecclesiam
1619 1168 1865 1232 beatae
1899 1165 2169 1230 Mariae
2203 1166 2486 1247 genitri-

417 1264 519 1326 cis
547 1263 658 1329 dei
686 1283 770 1329 ac
803 1266 1062 1330 domini
1092 1267 1306 1331 nostri
1345 1265 1554 1331 Ihesu
1584 1265 1843 1331 Christi
1872 1266 1943 1328 in
1983 1265 2135 1330 loco
2169 1265 2287 1348 qui
2320 1265 2489 1329 dici-

421 1368 538 1426 tur
559 1362 964 1443 Abhendun,
989 1366 1074 1429 ad
1105 1386 1270 1431 usus
1297 1365 1546 1431 ibidem
1565 1366 1851 1430 fratrum
1886 1365 2015 1429 deo
2046 1363 2488 1430 seruientium

415 1460 706 1528 libenter
741 1466 1064 1544 concedo,
1109 1467 1478 1531 obsecrans
1519 1473 1592 1530 et
1629 1465 2055 1549 praecipiens
2097 1466 2169 1530 in
2214 1464 2486 1529 nomine

419 1560 696 1640 Christi,
743 1572 823 1629 ut
878 1585 1077 1631 nemo
1137 1583 1609 1630 successorum
1669 1571 2057 1630 nostrorum
2115 1565 2485 1648 superioris

417 1663 528 1727 uel
585 1663 928 1730 inferioris
975 1665 1234 1746 gradus
1286 1664 1417 1729 hoc
1474 1671 1746 1728 nostrae
1792 1663 2179 1729 deuotionis
2231 1664 2485 1728 donum

417 1762 653 1848 aliquo
719 1765 1120 1829 temeritatis
1181 1763 1615 1847 aliquatenus
1682 1763 2015 1828 instinctu
2084 1763 2484 1847 disrumpat.

417 1861 524 1926 Sit
578 1870 811 1928 autem
868 1863 1294 1948 praedictum
1348 1882 1465 1927 rus
1522 1862 1707 1927 omni
1767 1869 2079 1928 terrenae
2134 1863 2487 1929 seruitutis

416 1962 580 2044 iugo
625 1962 939 2041 liberum,
989 1963 1209 2028 tribus
1257 1963 1591 2046 exceptis,
1635 1969 1790 2026 rata
1834 1962 2153 2028 uidelicet
2206 1963 2487 2046 expedi-

420 2062 626 2140 tione,
681 2064 911 2146 pontis
965 2065 1231 2128 arcisue
1287 2057 1810 2128 restauratione.
1930 2061 2006 2126 Si
2062 2061 2217 2144 quis
2272 2063 2486 2145 igitur

417 2160 591 2226 hanc
633 2170 942 2228 nostram
994 2164 1430 2228 donationem
1479 2162 1552 2226 in
1612 2160 1800 2227 aliud
1861 2181 2067 2243 quam
2126 2164 2483 2227 constitui-

421 2280 574 2326 mus
639 2262 1005 2328 transferre
1061 2262 1380 2341 uoluerit,
1441 2262 1754 2345 priuatus
1804 2261 2145 2326 consortio
2202 2269 2485 2328 sanctae

421 2360 530 2424 dei
593 2363 987 2440 aecclesiae,
1048 2363 1345 2428 aeternis
1411 2361 1715 2426 barathri
1768 2361 2100 2426 incendiis
2172 2360 2483 2443 lugubris

419 2461 672 2543 iugiter
719 2481 872 2526 cum
934 2462 1114 2528 Iuda
1160 2461 1413 2527 Christi
1469 2461 1819 2546 proditore
1861 2461 2141 2545 eiusque
2194 2462 2483 2543 compli-

417 2561 610 2626 cibus
641 2562 993 2644 puniatur,
1027 2563 1087 2627 si
1123 2581 1262 2626 non
1307 2561 1778 2626 satisfactione
1821 2561 2284 2626 emendauerit
2322 2580 2483 2625 con-

417 2680 612 2742 grua,
661 2661 844 2744 quod
895 2669 1136 2726 contra
1192 2669 1500 2726 nostrum
1541 2658 1829 2744 deliquit
1864 2660 2233 2726 decretum.
2346 2661 2484 2726 His

419 2761 620 2826 metis
671 2761 1058 2844 praefatum
1116 2781 1234 2825 rus
1286 2761 1444 2826 hinc
1501 2760 1658 2824 inde
1714 2767 2023 2844 gyratur.
2146 2759 2269 2824 Dis
2330 2762 2482 2826 sind

419 2865 510 2925 {a
567 2849 1037 2944 landgemffira
1097 2851 1174 2926 tfi
1225 2852 1392 2929 'siim
1447 2877 1604 2929 .1111.
1656 2850 1827 2925 hida
1876 2851 1953 2927 t6
2003 2848 2479 2926 He‘asthealle.

419 2950 594 3027 Efist
650 2964 734 3027 be
783 2950 949 3026 vim
1001 2962 1266 3027 burnan
1311 2954 1396 3027 fit
1446 2965 1538 3026 οδ
1588 2966 1684 3025 'Sa
1726 2948 1865 3038 εἱὲς
1917 2960 2051 3023 and
2095 2959 2271 3025 from
2298 2949 2482 3025 §fere

417 3060 664 3125 ealdan
701 3052 878 3127 hese
919 3052 1004 3125 fit
1042 3065 1134 3126 οδ
1181 3080 1434 3137 mearc,
1480 3059 1783 3140 andlang
1824 3049 2002 3138 dfin3
2061 3058 2198 3123 and
2250 3058 2479 3142 Snaep,

415 3160 550 3225 and
603 3151 1117 3226 Scammandiin
1166 3160 1298 3225 and
1357 3157 1830 3223 Scortanwida
1870 3148 2021 3223 into·
2066 3144 2480 3225 Efisthealle.

415 3259 622 3324 Anno
679 3260 1058 3325 dominicae
1126 3260 1620 3324 incarnationis
1684 3272 2165 3321 .Dcccc.1‚xffl.
2221 3258 2482 3341 scripta

415 3367 520 3425 est
581 3359 754 3425 haec
807 3368 1022 3437 carta,
1070 3359 1178 3423 his
1231 3359 1519 3424 testibus
1570 3358 2144 3424 consentientibus
2187 3376 2479 3442 quorum

413 3458 696 3525 inferius
725 3459 1002 3524 nomina
1033 3464 1382 3524 notantur.

525 3562 604 3643 ›1‹
649 3558 800 3643 Ego
847 3558 1128 3641 Eadgar
1168 3578 1294 3623 rex
1338 3557 1724 3640 Anglorum
1766 3557 2092 3622 concessi.
2206 3559 2285 3640 ›1‹
2328 3556 2479 3639 Ego

415 3658 738 3724 Dunstan
763 3658 1314 3742 archiepiscopus
1343 3657 1805 3723 corroboraui.
1904 3659 1983 3740 ›1‹
2012 3656 2165 3739 Ego
2197 3656 2483 3721 Oscutel

415 3759 778 3842 episcopus
823 3758 1245 3823 confirmaui.
1356 3759 1433 3840 ᾧ
1481 3758 1633 3839 Ego
1674 3756 1885 3821 Osulf
1919 3756 2282 3840 episcopus
2316 3774 2479 3821 con-

416 3858 726 3923 solidaui.
862 3861 941 3942 ›1‹
999 3857 1150 3941 Ego
1207 3853 1564 3941 Byrhtelm
1607 3857 1971 3939 episcopus
2020 3856 2478 3921 corroboraui.

426 3960 505 4041 ›1‹
543 3958 697 4040 Ego
737 3957 1050 4023 Osuuold
1090 3958 1450 4040 episcopus
1489 3956 1830 4037 adquieui.
1928 3954 2007 4035 >1⁴
2049 3953 2200 4038 Ego
2240 3955 2478 4021 AEisel-

409 4057 622 4122 uuold
687 4058 920 4123 abbas.
1071 4060 1148 4141 ᾧ
1219 4056 1372 4139 Ego
1438 4054 1684 4120 AElsric
1769 4054 2008 4119 abhas.
2176 4057 2255 4138 ›1‹
2328 4055 2481 4139 Ego

411 4156 752 4239 AEscuuig
793 4157 1029 4222 abbas.
1140 4160 1219 4241 »Β
1259 4156 1412 4238 Ego
1455 4153 1814 4220 AElfuuold
1858 4153 2094 4219 abbas.
2208 4156 2285 4237 ᾧ
2326 4156 2479 4238 Ego

413 4256 730 4323 AElfhere
759 4257 928 4323 dux.
1027 4256 1106 4337 »Β
1134 4256 1287 4339 Ego
1321 4254 1650 4320 AElfheah
1680 4254 1847 4319 dux.
1946 4256 2025 4337 ›1‹
2056 4254 2208 4336 Ego
2242 4254 2478 4320 AEssel-

407 4364 562 4421 stan
595 4356 766 4421 dux.
879 4358 958 4439 ›1‹
987 4356 1141 4438 Ego
1171 4354 1582 4421 AEveluuine
1613 4355 1781 4420 dux.
1893 4356 1970 4437 ᾧ
2002 4353 2151 4436 Ego
2189 4354 2479 4419 Beorht-

505 4472 676 4523 Tou.
713 4472 811 4521 vi.
2146 4470 2185 4517 r
