3552 5764
899 631 1244 682 ominus
1294 633 1980 684 AnonoSAxochE.
2394 621 2483 684 97

376 791 538 850 stan
569 785 810 852 abbas.
918 790 998 870 ›1‹
1038 787 1195 871 Ego
1224 788 1566 872 AE’selgar
1597 792 1836 856 abbas.
1938 794 2016 875 *1-
2058 793 2209 876 Ego
2248 794 2479 860 Briht-

377 885 530 952 fer-{5
587 887 918 954 minister.
1027 888 1114 974 ›1‹
1165 889 1319 971 Ego
1381 889 1682 974 AElssige
1739 893 2067 958 minister.
2178 895 2263 980 »Β
2324 896 2477 979 Ego

379 985 796 1052 AElfuueard
842 988 1177 1054 minister.
1313 991 1400 1075 ›1‹
1437 991 1590 1072 Ego
1636 991 2107 1058 AEb'eluueard
2144 997 2474 1061 minister.

387 1089 467 1169 ›1‹
533 1087 688 1170 Ego
747 1088 1080 1154 Uulfstan
1135 1091 1466 1156 minister.
1577 1092 1662 1177 »Β
1711 1093 1867 1176 Ego
1921 1092 2281 1161 Eaduuine
2344 1098 2472 1160 mi-

381 1188 616 1253 nister.
727 1188 814 1274 »Β
859 1189 1009 1272 Ego
1053 1190 1434 1256 Le0fuuine
1479 1193 1809 1256 minister.
1918 1193 2005 1279 ›1‹
2044 1194 2196 1277 Ego
2227 1195 2478 1261 AElfric

379 1288 714 1352 minister.
865 1290 950 1375 »Β
1027 1290 1178 1373 Ego
1255 1290 1617 1375 AE’Selsige
1691 1293 2017 1358 minister.
2167 1297 2245 1378 ›1‹
2324 1297 2477 1380 Ego

381 1386 860 1454 AEzeluueard
901 1390 1230 1456 minister.
1330 1395 1410 1475 ›1‹
1451 1391 1605 1476 Ego
1655 1393 1900 1460 AElfric
1954 1396 2285 1461 minister.
2385 1399 2465 1479 ›1‹

386 1485 539 1570 Ego
571 1488 906 1575 Uulfgeat
935 1491 1264 1558 minister.

1309 1674 1552 1686 -ι--ι

1175 1791 1684 1859 Mccnx1x.

1115 1915 1556 2022 naman,
1599 1943 1750 2008 970.

490 2094 576 2181 >1⁴
613 2093 1004 2160 UmunnsA
1031 2113 1242 2178 opum
1269 2092 1723 2158 saecularium
1753 2093 2166 2176 patrimonia
2194 2099 2471 2165 incertis

385 2203 712 2278 nepotum
775 2195 1182 2260 haeredibus
1245 2195 1748 2278 relinquuntur,
1813 2201 1883 2258 et
1958 2197 2179 2262 omnis
2240 2202 2473 2264 mundi

387 2295 631 2376 gloria,
681 2297 1282 2380 appropinquante
1334 2295 1522 2359 uitae
1567 2294 1811 2358 mortis
1858 2297 2175 2375 termino,
2229 2299 2317 2364 ad
2366 2303 2473 2365 ni-

387 2395 600 2460 hilum
666 2395 950 2462 reducta
1017 2395 1332 2476 fatescit3
1400 2395 1646 2460 iccirco
1708 2396 1999 2460 terrenis
2056 2397 2471 2466 caducarum

387 2493 678 2583 [rerum]
761 2495 1309 2580 possessionibus
1385 2514 1656 2577 semper
1730 2515 2057 2561 mansura
2138 2517 2472 2583 supernae

387 2596 651 2678 patriae
724 2598 1186 2662 emolumenta
1270 2595 1748 2678 adipiscentes,
1821 2596 2097 2662 domino
2171 2604 2470 2682 patroci-

383 2704 614 2774 nante,
675 2696 1038 2762 lucremur.
1143 2694 1609 2775 Quamobrem
1663 2715 1795 2779 ego
1848 2697 2208 2779 Eadgarus
2256 2704 2471 2768 totius

387 2795 786 2863 Britanniae
849 2797 1152 2862 basileus
1219 2796 1563 2880 quandam
1637 2795 1815 2860 ruris
1888 2798 2295 2880 particulam
2365 2819 2468 2868 .X.

386 2898 704 2964 uidelicet
766 2906 1103 2976 cassatos,
1164 2896 1238 2961 in
1301 2897 1456 2962 loco
1521 2896 1640 2980 qui
1701 2897 1953 2963 celebri
2018 2906 2113 2963 oet
2167 2900 2467 2967 Lintune

381 3006 817 3083 nuncupatur
842 2997 1210 3076 uocabulo,
1235 2998 1513 3063 domino
1543 2997 1829 3079 eiusque
1854 2998 2170 3078 genitrici
2198 3000 2467 3067 Mariae

383 3118 650 3165 necnon
693 3108 766 3165 et
811 3097 1268 3185 AE’seliirybae
1317 3103 1692 3182 perpetuae
1735 3096 1991 3178 uirgini
2054 3098 2140 3162 ad
2194 3119 2465 3166 monas-

385 3200 626 3264 terium
681 3200 866 3284 quod
907 3200 981 3265 in
1029 3200 1142 3265 Eli
1190 3199 1397 3263 situm
1443 3203 1575 3274 est,
1618 3196 1706 3260 ad
1759 3216 1927 3261 usus
1976 3199 2463 3267 monachorum

383 3300 474 3365 ibi
551 3300 972 3383 degentium,
1040 3306 1374 3384 perpetua
1440 3296 1736 3378 largitus
1808 3316 1961 3361 sum
2024 3297 2467 3381 haereditate,

383 3408 458 3465 ut
495 3400 622 3465 illo
661 3400 1155 3484 perpetualiter
1193 3418 1350 3465 cum
1397 3396 1712 3463 omnibus
1753 3398 2186 3475 utensilibus,
2222 3404 2465 3484 pratiS,

379 3500 724 3579 uidelicet,
763 3502 1063 3584 pascuis,
1108 3500 1328 3578 siluis,
1383 3497 1743 3581 pertineat.
1852 3498 1963 3564 Ad
2010 3500 2187 3565 hanc
2234 3512 2464 3569 autem

379 3602 695 3669 tellurem
745 3600 965 3666 multa
1021 3602 1285 3684 iugera,
1335 3618 1424 3663 ex
1481 3598 1776 3662 diuersis
1829 3598 2467 3670 circumiacentibus

379 3704 584 3779 uillis,
617 3702 982 3786 pertinent,
1018 3708 1352 3785 perpetua
1393 3699 1721 3781 insignita
1752 3699 2089 3765 libertate.
2192 3702 2302 3769 Sit
2339 3725 2465 3770 au-

382 3812 518 3871 tem
547 3802 974 3888 praedictum
1001 3820 1119 3866 rus
1149 3800 1334 3866 omni
1373 3806 1680 3863 terrenae
1719 3800 2075 3864 seruitutis
2105 3802 2267 3884 iugo
2302 3805 2465 3871 libe-

375 3925 550 3984 rum,
591 3904 812 3967 tribus
855 3902 1188 3986 exceptiS,
1235 3906 1393 3964 rata
1431 3898 1750 3963 uidelicet
1793 3901 2253 3982 expeditione,
2292 3926 2463 3988 pon-

377 4006 467 4071 tis
520 4004 792 4069 arcisue
843 4002 1368 4069 restauratione.
1471 3998 1546 4064 Si
1599 3998 1754 4081 quis
1806 4000 2019 4080 igitur
2072 4001 2249 4067 hanc
2304 4027 2461 4073 nos-

375 4112 552 4171 tram
581 4104 1021 4170 donationem
1045 4104 1118 4167 in
1141 4100 1329 4166 aliud
1353 4118 1563 4182 quam
1589 4098 2070 4165 constituimus
2100 4107 2466 4176 transferre

375 4206 699 4282 uoluerit,
755 4204 1074 4287 priuatus
1135 4200 1483 4267 consortio
1551 4205 1836 4263 sanctae
1900 4200 2011 4265 dei
2068 4206 2467 4291 aecclesiae,

373 4305 674 4372 aeternis
715 4304 1024 4369 barathri
1067 4301 1398 4367 incendiis
1439 4298 1752 4383 lugubris
1794 4299 2051 4383 iugiter
2091 4321 2247 4369 cum
2292 4308 2471 4377 Iuda

370 4405 631 4472 Christi
674 4404 1024 4489 proditore
1054 4403 1335 4487 eiusque
1368 4398 1816 4486 complicibus
1854 4402 2199 4487 puniatur,
2233 4411 2293 4475 si
2332 4432 2467 4479 non

469 4524 644 4572 von.
681 4522 778 4573 vl.
2120 4522 2170 4569 ιι
