3552 5764
1078 639 1203 704 164
1584 651 1926 703 ouAnrAn
1971 646 2658 699 Aucmssxomcss.

1082 813 1471 896 episcopus.
1596 811 1674 892 *1⁴
1726 808 1880 891 Ego
1944 804 2328 872 AE’selwold
2381 804 2772 889 episcopus.
2894 801 2974 882 ›1‹
3021 796 3174 879 Ego

1095 913 1342 997 Lyfing·
1372 910 1755 993 episcopus.
1865 907 1950 993 »Β
1991 906 2144 989 Ego
2176 903 2582 990 Bryhtwald
2612 902 2999 985 episcopus.
3089 898 3167 979 *1⁴

1096 1014 1250 1096 Ego
1302 1009 1605 1075 AEbelric
1670 1009 2061 1092 episcopus,
2182 1008 2260 1089 *1⁴
2307 1006 2460 1087 Ego
2526 1000 2868 1067 AElfward
2943 1000 3176 1064 abbas.

1109 1114 1187 1195 *1⁴
1222 1112 1375 1193 Ego
1398 1110 1691 1192 AElssige
1714 1110 1950 1174 abbas.
2068 1109 2146 1190 *1⁴
2180 1107 2334 1189 Ego
2357 1102 2738 1170 Brihtwald
2760 1102 2995 1167 abbas.
3094 1097 3172 1178 *1⁴

1102 1213 1251 1294 Ego
1315 1210 1561 1275 AElsric
1615 1211 1783 1274 dux.
1896 1209 1974 1290 *1⁴
2022 1207 2175 1290 Ego
2237 1205 2583 1271 Leofwine
2635 1203 2800 1267 dux.
2911 1201 2989 1282 *1⁴
3029 1198 3183 1280 Ego

1104 1311 1368 1378 Uhtred
1423 1310 1591 1375 dux.
1672 1309 1782 1390 ,ᾧ
1825 1308 1978 1390 Ego
2028 1306 2387 1373 AEsselmer
2431 1302 2763 1369 minister.
2892 1302 2972 1383 ›1‹
3039 1297 3190 1380 Ego

1105 1412 1387 1494 AElsgar
1417 1410 1747 1475 minister.
1863 1409 1940 1489 *1⁴
1974 1407 2126 1490 Ego
2155 1405 2459 1472 Brihtric
2481 1403 2814 1468 minister.

1935 1704 2380 1771 Moccvll.

1640 1854 2160 1933 AEDELRED,
2205 1852 2253 1919 J
2261 1871 2431 1932 ULY,
2475 1853 2671 1919 1012.

1224 2005 1309 2091 »Β
1335 2003 1601 2069 AUREA
1618 2010 1700 2067 ut
1725 2004 1946 2068 fertur
1969 2003 2312 2085 quondam
2347 2003 2626 2068 saecula
2649 2001 2832 2067 haud
2853 2002 3206 2068 hominum

1122 2105 1449 2172 toxicatis
1490 2102 1746 2169 infecta
1787 2102 2136 2185 nequitiis,
2164 2102 2284 2167 sed
2319 2123 2493 2186 pura
2523 2102 2962 2186 simplicitate
2991 2122 3210 2168 remo—

1124 2206 1215 2271 tis
1258 2204 1724 2269 simultatibus
1766 2204 2023 2287 ubique
2071 2204 2373 2287 uigente,
2416 2202 2626 2268 nullis
2667 2204 3026 2271 territoriis
3083 2222 3212 2267 usa

1122 2311 1542 2385 noscuntur3
1588 2310 1663 2369 at
1702 2310 1942 2368 nostra
1985 2310 2180 2367 aetas
2214 2303 2428 2368 liuida
2467 2302 2859 2368 mortalium
2891 2302 3212 2385 maligni-

1128 2412 1272 2469 tate
1331 2403 1622 2480 fuscata,
1676 2421 1760 2468 ac
1814 2402 2238 2469 multimodis
2293 2403 2604 2468 cladibus
2647 2403 2953 2481 obsessa,
3001 2422 3214 2468 causa

1128 2503 1567 2569 uitandarum
1608 2501 1858 2579 litium,
1896 2503 2205 2567 terminis
2244 2502 2510 2569 telluris
2565 2504 2884 2587 propriae
2921 2510 3213 2587 exoptat

1130 2602 1412 2688 perfrui,
1477 2621 1654 2686 quae
1714 2610 1945 2667 tamen
2005 2602 2280 2667 iusticia
2337 2603 2781 2679 emendanda,
2853 2603 3218 2686 prudentia
3281 2656 3290 2667 .

1131 2701 1599 2786 gubernanda,
1631 2702 2089 2786 temperantia
2115 2702 2434 2781 tenenda,
2467 2702 2865 2768 fortitudine
2897 2704 3222 2769 corrobo-

1134 2803 1353 2868 randa
1386 2810 1531 2879 est;
1578 2810 1653 2869 et
1680 2804 1754 2868 in
1788 2803 1919 2868 hac
1949 2801 2100 2869 uita
2131 2802 2322 2868 labili
2351 2804 2636 2869 summis
2660 2802 2908 2867 studiis
2939 2810 3222 2869 aeterna

1138 2903 1539 2970 mortalibus
1571 2904 1939 2968 mercanda
1967 2911 2096 2972 est.
2198 2904 2402 2969 Unde
2429 2923 2560 2986 ego
2596 2903 3006 2969 AEvelredus
3040 2905 3224 2970 basi·-

1138 3005 1289 3070 leus
1342 3004 1567 3070 tocius
1610 3002 1951 3081 Albionis,
1999 3003 2486 3089 omnipotentis
2540 3002 2650 3068 dei
2697 3011 2872 3068 nutu
2920 3011 3226 3088 reg-ente,

1142 3104 1411 3171 cuidam
1443 3105 1755 3169 ministro
1776 3123 1930 3168 meo
1959 3104 2267 3170 mihimet
2293 3103 2586 3168 fideliter
2617 3105 3020 3187 obsequenti
3049 3104 3226 3170 Leo-

1145 3205 1359 3270 fricus
1401 3205 1759 3269 uocamine
1805 3205 2150 3287 quoddam
2189 3203 2366 3268 ruris
2398 3203 2929 3282 amminiculam,
2967 3205 3231 3271 scilicet

1146 3306 1382 3370 decem
1400 3312 1735 3380 cassatos,
1746 3304 2026 3388 proprio
2040 3305 2188 3370 iure
2207 3302 2692 3388 possidendum
2709 3304 3228 3387 largitertribuo

1150 3405 1224 3470 in
1262 3403 1437 3469 uilla
1483 3422 1662 3486 qnae
1694 3403 1954 3468 famose
1986 3423 2030 3469 a
2063 3403 2378 3469 ruricolis
2425 3402 2824 3487 Hwitcyrce
2870 3405 3122 3470 dicitur
3159 3407 3232 3471 in

1151 3504 1511 3589 prouincia
1572 3501 2132 3570 oxnafordnensi
2193 3504 2330 3569 sita
2389 3503 2590 3568 iuxta
2649 3505 2868 3588 ripam
2929 3505 3231 3570 fluminis

1154 3604 1510 3684 Tamesis3
1562 3611 1643 3668 ut
1682 3603 1897 3667 libere
1943 3602 2092 3668 uoti
2141 3622 2445 3687 compos,
2495 3604 2646 3668 nita
2689 3604 2961 3683 comite,
3011 3607 3232 3689 possi-

1157 3706 1342 3781 deat,
1368 3712 1441 3768 et
1462 3705 1574 3768 cui
1594 3701 1868 3767 haeredi
1893 3702 2171 3769 libuerit
2189 3703 2640 3788 derelinquat.
2702 3703 2808 3769 Sit
2829 3703 3000 3770 haec
3025 3705 3235 3771 tellus

1156 3825 1311 3871 cum
1349 3803 1769 3887 appendiciis
1806 3803 1950 3867 suis
1993 3803 2209 3868 libera
2252 3805 2342 3869 ab
2383 3805 2569 3868 omni
2609 3804 2983 3870 saecularis
3027 3805 3237 3870 serui-

1161 3905 1333 3970 tutis
1371 3904 1645 3982 honere,
1684 3904 1994 3989 exceptis
2040 3923 2215 3987 quae
2260 3904 2575 3969 omnibus
2614 3905 3002 3971 communia
3053 3913 3240 3984 sunt,

1157 4004 1479 4088 uidelicet
1500 4005 1881 4087 procinctu,
1900 4005 2130 4087 pontis
2156 4005 2421 4070 arcisue
2445 4006 2982 4087 recuperatione,
3003 4013 3244 4072 nostra

1158 4105 1569 4170 auctoritate
1610 4105 1883 4170 sibimet
1919 4111 1991 4170 et
2029 4102 2430 4170 haeredibus
2474 4124 2600 4187 per
2649 4113 2962 4189 tempora
2989 4113 3245 4172 cuncta

1160 4223 1628 4287 permansura.
1730 4204 1822 4269 Et
1847 4204 1909 4269 si
1933 4204 2110 4269 forte
2139 4205 2480 4289 quispiam
2502 4204 2682 4270 hanc
2697 4211 3005 4270 nostram
3029 4206 3249 4272 dona-

1158 4305 1440 4381 tionem,
1465 4305 1647 4388 quod
1671 4305 1876 4381 absit,
1899 4304 2254 4370 adnullare
2271 4307 2628 4388 satagerit,
2647 4313 2718 4370 et
2733 4305 2941 4389 impie
2964 4308 3244 4390 proprio

1158 4404 1457 4469 dominio
1507 4405 1706 4480 subdi
1734 4404 2078 4482 maluerit,
2117 4405 2293 4472 sciat
2343 4425 2418 4470 se
2453 4425 2641 4470 reum
2693 4405 2839 4470 fore
2884 4405 3246 4472 iustissimi
