3552 5764
912 617 1258 670 ensa-rm
1301 619 1988 672 Aucmsaxomcnt.
2402 606 2493 671 35

383 775 496 840 sie
529 775 832 842 ascaden
859 775 1034 842 fram
1061 775 1262 843 Gode
1288 775 1424 842 and
1459 777 1634 843 fram
1665 779 1916 845 eallum
1945 777 2053 845 his
2074 799 2487 863 gecorenun,

383 866 622 942 bfitan
657 876 746 943 be
775 876 882 943 hit
907 897 1018 943 me
1051 868 1354 944 db'mli'ce
1385 867 1658 963 gebffite
1691 867 1793 944 ὧι·
1818 879 1927 944 his
1959 881 2175 946 aeude.

1165 1173 1740 1270 mccxxxn.

1119 1289 1561 1406 ΕᾸΒαᾸΒ,
1602 1323 1753 1392 961.

507 1474 586 1558 ιιι
627 1471 721 1539 ΙΝ
765 1474 1040 1540 nomine
1077 1474 1334 1541 domini
1369 1476 1588 1541 nostri
1625 1475 1839 1542 Ihesu
1874 1474 2175 1541 Christi!
2284 1474 2483 1544 Licet

383 1573 581 1640 enim
606 1573 886 1640 decreta
915 1575 1312 1660 pontificum
1340 1583 1413 1642 et
1443 1577 1658 1641 uerba
1687 1576 2119 1642 sacerdotum
2154 1577 2257 1640 uti
2290 1595 2485 1642 mon-

389 1675 566 1740 tium
597 1673 1045 1742 fundamenta
1066 1676 1474 1742 indistrictis
1507 1677 1947 1759 ligaminibus
1978 1677 2288 1742 stabilita
2318 1678 2482 1757 sint,

387 1784 624 1840 tamen
677 1775 1080 1860 plerumque
1125 1777 1651 1862 tempestatibus
1693 1783 1764 1842 et
1807 1777 2196 1842 turbinibus
2251 1796 2477 1842 rerum

387 1874 898 1942 mundanarum
928 1877 1139 1943 etiam
1183 1875 1430 1961 religio
1465 1883 1748 1942 sanctae
1786 1877 1897 1942 dei
1936 1875 2311 1944 aecclesiae
2338 1897 2483 1944 ma-

387 1975 566 2040 culis
627 1977 1074 2060 reproborum
1139 1977 1516 2061 dissipatur
1573 1995 1658 2042 ac
1711 1977 2072 2060 frangitur.
2177 1977 2482 2062 Ideoque

387 2076 818 2158 incognitum
859 2077 1248 2143 futurorum
1288 2085 1676 2160 temporum
1722 2085 1986 2143 statum
2038 2078 2479 2161 prouidentes

387 2176 688 2260 posteris
725 2177 1248 2244 succedentibus
1290 2177 1668 2262 proficuum
1711 2197 1862 2243 esse
1903 2177 2356 2272 decreuimus,
2398 2187 2481 2244 ut

387 2295 478 2342 ea
503 2293 686 2362 quae
727 2279 1067 2344 communi
1099 2277 1551 2357 meditationi,
1581 2277 1843 2343 salubri
1884 2277 2197 2356 consilio,
2242 2278 2477 2344 defini-

387 2385 602 2442 untur
659 2379 866 2444 sertis
930 2377 1255 2444 litterulis
1317 2377 1692 2444 firmentur.
1815 2375 2282 2458 Quamobrem
2346 2399 2479 2463 ego

389 2477 674 2560 Eadgar
703 2499 832 2544 rex
861 2475 1246 2561 Anglorum
1277 2477 1550 2544 cuidam
1577 2477 1893 2544 ministro
1922 2480 2043 2564 qui
2074 2497 2117 2544 a
2142 2480 2478 2562 gnosticis

387 2577 602 2644 nobili
633 2579 976 2663 Byrnsige
1011 2578 1403 2664 appellatur
1435 2578 1797 2658 uocabulo,
1830 2580 2175 2664 quandam
2210 2578 2477 2646 telluris

387 2678 800 2762 particulam
831 2697 930 2747 Ν.
955 2679 1279 2745 uidelicet
1297 2685 1634 2757 cassatos,
1661 2679 1784 2744 illo
1808 2678 1882 2743 in
1909 2679 2062 2745 loco
2090 2679 2209 2745 ubi
2233 2699 2278 2744 a
2300 2682 2477 2745 ruri·

386 2779 561 2844 colis
603 2787 698 2844 aet
743 2779 1218 2846 Eblesburnan
1260 2785 1700 2863 nuncupatur
1735 2778 2100 2857 uocabulo,
2140 2787 2477 2865 perpetua

385 2879 684 2965 largitus
745 2900 896 2946 sum
947 2879 1398 2959 haereditate,
1449 2888 1530 2945 ut
1579 2880 1753 2963 ipse,
1799 2880 1949 2945 uita
2002 2880 2274 2958 comite,
2318 2900 2474 2946 cum

387 2980 707 3047 omnibus
735 2980 1146 3047 utensilibus
1177 2982 1326 3046 uoti
1349 2998 1630 3063 compos
1661 2979 1959 3055 habeat;
1997 2986 2069 3045 et
2096 2988 2257 3063 post
2288 2981 2475 3046 uitae

383 3098 560 3146 suae
601 3080 966 3149 terminum
1007 3082 1552 3166 quibuscumque
1591 3078 1893 3144 uoluerit
1920 3079 2325 3145 cleronomis
2369 3080 2475 3144 in·-

385 3200 660 3247 munem
697 3182 1148 3266 derelinquat.
1251 3180 1364 3247 Sit
1408 3186 1638 3245 autem
1685 3176 2111 3263 praedictum
2140 3198 2261 3243 rus
2288 3181 2474 3244 omni

383 3290 702 3349 terrenae
743 3282 1102 3349 seruitutis
1133 3281 1300 3364 iugo
1329 3281 1644 3357 liberum,
1677 3279 1899 3345 tribus
1928 3280 2261 3362 exceptis,
2290 3288 2471 3359 rata,

383 3382 734 3462 uidelicet,
763 3383 1222 3468 expeditione,
1253 3381 1486 3465 pontis
1515 3379 1785 3447 arcisue
1804 3381 2324 3445 restauratione.
2396 3380 2473 3446 Si

383 3484 542 3568 quis
591 3483 810 3567 igitur
844 3483 1024 3549 banc
1079 3490 1383 3547 nostram
1434 3482 1875 3546 donationem
1915 3480 1989 3545 in
2029 3480 2215 3546 aliud
2261 3498 2467 3564 quam

383 3584 864 3650 constituimus
928 3582 1299 3649 transferre
1361 3580 1682 3659 uoluerit,
1740 3577 2057 3664 priuatus
2124 3582 2469 3646 consortio

385 3692 668 3749 sanctae
699 3684 810 3750 dei
837 3684 1212 3750 aecclesiae
1233 3683 1530 3748 aeternis
1563 3681 1873 3747 barathri
1900 3677 2233 3746 incendiis
2264 3681 2467 3763 lugu-

387 3784 560 3861 bris,
587 3783 840 3867 ing-iter
883 3804 1039 3850 cum
1077 3782 1256 3850 Iuda
1286 3776 1546 3849 Christi
1582 3776 1936 3867 proditore
1962 3782 2246 3864 eiusque
2280 3800 2466 3846 com-

385 3883 678 3967 plicibus
739 3885 1094 3969 puniatur,
1157 3882 1218 3948 si
1275 3901 1414 3948 non
1472 3881 1947 3948 satisfactione
2004 3880 2467 3947 emendauerit

381 4004 690 4068 cong-rua
709 3984 895 4069 quod
915 3992 1226 4050 nostrum
1255 3990 1498 4049 contra
1533 3981 1825 4064 deliquit
1853 3980 2223 4046 decretum.
2326 3981 2464 4047 His

379 4087 584 4151 metis
627 4084 1016 4169 praefatum
1065 4102 1186 4149 rus
1237 4082 1351 4148 hic
1400 4082 1557 4147 inde
1605 4086 1917 4164 gyratur.
2004 4082 2131 4145 Dis
2163 4082 2340 4166 synd
2366 4085 2465 4147 &a

375 4176 820 4270 landgemssre
843 4173 1023 4251 {Sara
1057 4201 1143 4248 Ν.
1173 4174 1342 4249 hida
1369 4189 1463 4247 oet
1501 4181 1997 4247 Eblesburnan.
2102 4182 2338 4247 AErest
2369 4202 2461 4247 on

371 4292 556 4352 Bone
604 4286 851 4351 ealdan
901 4285 1158 4367 wi’6ig·;
1219 4289 1449 4349 venne
1496 4280 1578 4347 of
1629 4268 1796 4346 B‘am
1848 4278 2091 4363 wibige
2144 4272 2462 4347 onbfitan

369 4392 554 4453 Bone
594 4386 846 4453 ealdan
893 4373 1252 4451 hamstede
1305 4404 1395 4449 on
1439 4388 1535 4452 va
1579 4371 1896 4458 meddic3
1946 4382 2249 4465 andlang
2298 4373 2461 4447 bere

2098 4506 2131 4543 ι)
2152 4496 2186 4545 8
