3552 5764
995 637 1338 689 cunnus
1381 639 1618 688 mono
1629 639 2067 692 saxonica.
2494 627 2584 691 45

483 817 638 868 cum
683 815 831 884 qua
872 795 1250 881 Sigelmum
1293 803 1563 880 patrem
1605 815 1835 862 meum
1876 798 1978 862 ire
2022 798 2369 882 oportuit;
2418 819 2574 864 cum

483 918 653 967 uero
699 917 776 964 se
825 906 1106 982 pararet
1155 904 1489 962 uenerunt
1539 896 1643 960 illi
1697 897 1770 961 in
1829 905 2056 963 mente
2099 914 2321 964 .xxx.
2359 899 2577 965 librae

487 1019 665 1086 quas
699 997 946 1065 Godae
979 997 1295 1074 debebat,
1331 1015 1504 1078 quas
1533 998 1772 1062 statim
1801 997 1865 1063 ei
1899 998 2181 1064 reddere
2208 998 2393 1065 fecit.
2485 1000 2579 1066 Et

490 1101 660 1185 quia
699 1119 826 1164 nec
867 1098 1087 1162 filium
1135 1117 1260 1163 nec
1304 1095 1516 1162 filiam
1561 1097 1694 1162 nisi
1734 1117 1845 1162 me
1896 1098 2159 1176 habuit,
2213 1098 2576 1166 haeredem

491 1219 608 1266 me
644 1198 808 1264 fecit
846 1198 1036 1263 illius
1071 1203 1296 1262 terrae
1330 1204 1402 1262 et
1434 1197 1738 1262 omnium
1778 1204 2114 1263 terrarum
2158 1218 2463 1278 suarum,
2506 1209 2579 1266 et

493 1300 712 1366 libros
743 1298 947 1369 michi
975 1297 1182 1363 dedit.
1289 1296 1500 1362 Forte
1541 1303 1708 1362 tunc
1756 1297 1991 1362 euenit
2030 1305 2301 1382 patrem
2354 1318 2580 1366 meum

498 1401 576 1464 in
607 1398 786 1464 bello
826 1398 1196 1472 cecidisse3
1250 1404 1616 1480 postquam
1663 1404 1898 1463 autem
1938 1398 2119 1464 idem
2155 1396 2359 1464 Goda
2387 1401 2581 1465 audi-

499 1501 608 1566 uit
637 1499 1030 1564 defunctum
1061 1499 1136 1563 in
1163 1495 1346 1563 bello
1375 1515 1550 1574 esse,
1576 1498 1858 1580 negauit
1886 1498 2019 1562 sibi
2048 1499 2340 1581 triginta
2372 1499 2583 1565 libras

499 1598 888 1686 persolutus
951 1597 1190 1676 fuisse,
1239 1603 1632 1679 terramque
1675 1616 1881 1681 quam
1928 1617 2055 1682 pro
2102 1599 2495 1665 uadimonio
2539 1619 2584 1665 a

498 1707 696 1784 patre
731 1718 885 1764 meo
912 1698 1182 1783 accepit
1210 1697 1505 1763 detinuit
1529 1697 1673 1762 fere
1706 1718 1831 1781 per
1872 1717 2000 1763 sex
2034 1717 2271 1764 annos.
2365 1700 2583 1768 Sexto

499 1819 668 1866 uero
702 1818 886 1864 anno
920 1798 1201 1882 quidam
1239 1798 1662 1882 propinquus
1700 1816 1894 1862 meus
1933 1799 2206 1864 nomine
2244 1799 2584 1884 Byrhsige

503 1900 781 1984 Dyring
813 1899 1041 1983 coepit
1067 1898 1404 1964 instanter
1438 1903 1674 1980 aperte
1708 1899 2037 1982 conqueri
2070 1899 2255 1981 apud
2287 1900 2585 1983 optima·

503 2008 612 2066 tes
649 2006 724 2064 et
761 1999 1104 2084 principes
1147 2005 1219 2063 et
1258 1998 1604 2080 sapientes
1647 1998 1842 2080 regni
1886 1999 1972 2063 de
2012 1998 2263 2063 iniuria
2303 2000 2586 2084 propin·

511 2119 692 2184 quae
740 2118 907 2164 suae
950 2117 995 2162 a
1045 2096 1337 2164 Godone
1383 2096 1588 2162 facta.
1692 2096 2081 2181 Optimates
2112 2105 2344 2164 autem
2374 2108 2447 2165 et
2478 2121 2586 2165 sa-

509 2201 776 2286 pientes
815 2219 941 2284 pro
980 2198 1258 2264 iusticia
1301 2197 1730 2275 inuenerunt,
1762 2205 1836 2262 et
1869 2199 2052 2263 iusto
2083 2199 2334 2264 iudicio
2359 2199 2591 2266 decre-

513 2307 763 2366 uerunt
787 2297 971 2384 quod
1004 2318 1160 2382 ego,
1187 2315 1364 2382 quae
1396 2297 1540 2362 filia
1572 2304 1643 2363 et
1675 2297 1917 2364 haeres
1936 2299 2082 2363 eius
2111 2318 2292 2378 sum,
2319 2309 2588 2384 patrem

513 2419 742 2466 meum
783 2417 1080 2484 purgare
1126 2398 1465 2475 deberem,
1509 2397 1831 2463 uidelicet
1870 2407 2320 2480 sacramento,
2369 2416 2590 2466 xxx.

512 2499 866 2578 librarum,
898 2499 1173 2564 easdem
1203 2498 1490 2581 triginta
1530 2497 1740 2563 libras
1784 2507 2051 2581 patrem
2079 2519 2305 2565 meum
2335 2501 2592 2584 persol-

513 2601 743 2681 uisse3
778 2599 982 2684 quod,
1015 2605 1192 2664 teste
1219 2604 1370 2663 toto
1401 2616 1638 2681 regno,
1668 2598 1854 2683 apud
1876 2596 2285 2681 Agelesford
2318 2602 2591 2686 peregi3

513 2699 636 2766 sed
665 2719 805 2766 non
835 2707 1002 2765 tunc
1031 2697 1307 2783 quidem
1335 2699 1532 2782 potui
1560 2705 1816 2763 terram
1857 2718 2079 2766 meam
2121 2700 2397 2778 habere,
2429 2720 2596 2783 quo-

519 2801 828 2886 adusque
879 2799 1081 2864 amici
1126 2799 1264 2864 mei
1319 2817 1551 2882 regem
1603 2798 2092 2864 Eaduuardum
2146 2800 2479 2880 adierunt,
2528 2808 2602 2866 et

519 2902 715 2968 illum
749 2920 876 2986 pro
903 2900 1143 2966 eadem
1163 2907 1350 2965 terra
1377 2898 1855 2983 requisierunt.
1958 2900 2099 2980 Qui
2130 2901 2447 2967 uidelicet
2472 2922 2598 2969 rex

523 3002 745 3068 eidem
786 2999 1084 3079 Godoni,
1125 3020 1336 3085 super
1366 3020 1637 3065 omnem
1679 2999 2007 3064 honorem
2053 3020 2256 3083 quem
2299 3002 2385 3066 de
2434 3021 2598 3084 rege

523 3102 766 3179 tenuit,
819 3101 1240 3185 praedictam
1289 3108 1544 3168 terram
1607 3098 1990 3177 interdixit,
2056 3100 2292 3183 sicque
2350 3108 2602 3167 terram

529 3202 809 3267 dimisit.
915 3199 1076 3267 Non
1137 3199 1355 3265 multo
1416 3206 1649 3265 autem
1705 3206 1866 3283 post
1938 3207 2244 3281 tempore
2307 3202 2601 3284 contigit

527 3302 814 3368 eundem
843 3300 1200 3366 Godonem
1235 3320 1464 3365 coram
1509 3319 1672 3383 rege
1711 3300 1815 3364 ita
1862 3298 2226 3383 inculpari,
2260 3301 2444 3384 quod
2481 3322 2604 3386 per

525 3402 850 3469 iudicium
907 3401 1252 3466 iudicatus
1314 3401 1407 3465 sit
1463 3401 1746 3484 perdere
1791 3400 2022 3465 omnia
2078 3420 2256 3483 quae
2304 3402 2390 3467 de
2442 3420 2606 3486 rege

529 3503 780 3580 tenuit,
800 3502 1153 3585 uitamque
1179 3502 1327 3565 eius
1349 3520 1500 3565 esse
1523 3500 1596 3565 in
1617 3500 1870 3566 iudicio
1899 3500 2105 3583 reg-ie.
2184 3501 2345 3567 Rex
2379 3510 2608 3568 autem

533 3602 722 3668 dedit
751 3602 1043 3667 eundem
1072 3600 1280 3666 michi
1329 3608 1402 3665 et
1443 3602 1674 3665 omnia
1715 3620 1845 3665 sua
1889 3620 2045 3665 cum
2086 3600 2279 3667 libris
2308 3602 2611 3667 omnium

535 3710 872 3768 terrarum
913 3720 1218 3779 suarum,
1265 3707 1347 3767 ut
1393 3699 1479 3765 de
1533 3719 1616 3766 eo
1665 3700 1957 3765 facerem
2003 3703 2377 3768 secundum
2428 3702 2613 3785 quod

537 3802 930 3887 promeruit.
1033 3800 1188 3883 Ego
1232 3808 1462 3866 autem
1502 3820 1628 3884 pro
1667 3802 1913 3865 timore
1955 3800 2067 3866 dei
2113 3822 2251 3867 non
2292 3820 2465 3867 ausa
2512 3802 2613 3868 fui

539 3902 820 3968 reddere
867 3904 933 3968 ei
973 3900 1348 3967 secundum
1393 3900 1590 3983 quod·
1609 3908 1853 3967 contra
1894 3920 2004 3965 me
2046 3902 2442 3985 promeruit,
2492 3903 2615 3967 sed

537 4002 801 4069 reddidi
845 4001 914 4068 ei
959 4020 1200 4067 omnes
1252 4008 1472 4067 terras
1517 4020 1680 4067 suas
1738 4006 2033 4084 excepta
2082 4008 2268 4066 terra
2324 4002 2613 4070 duorum

537 4112 926 4169 aratrorum
959 4102 1143 4185 apud
1171 4100 1576 4180 Osterland3
1610 4101 1821 4166 libros
1856 4108 2087 4167 autem
2122 4108 2458 4167 terrarum
2480 4124 2617 4170 non

540 4202 806 4270 reddidi
836 4203 928 4281 ei,
961 4202 1254 4286 probare
1285 4202 1464 4267 enim
1493 4201 1686 4266 uolui
1715 4219 1921 4283 quam
1951 4200 2152 4266 fidem
2179 4203 2265 4268 de
2292 4204 2619 4270 beneficio

542 4311 784 4370 contra
838 4310 946 4368 tot
991 4302 1280 4368 iniurias
1323 4301 1528 4367 michi
1572 4302 1660 4366 ab
1703 4320 1790 4365 eo
1834 4300 2065 4368 illatas
2108 4310 2341 4369 tenere
2389 4304 2618 4371 uellet.

543 4402 897 4470 Defuncto
928 4410 1158 4469 autem
1201 4402 1475 4469 domino
1499 4420 1652 4468 meo
1688 4420 1849 4485 rege
1896 4401 2335 4483 Eaduuardo,
2381 4404 2621 4471 AE’6el-
