3552 5764
985 637 1076 702 '78
1489 647 1833 702 emuna
1884 646 2573 698 AnonosAxomean.

1000 812 1079 893 »Β
1123 811 1277 894 Ego
1339 810 1697 876 Eaduuine
1749 807 2082 874 minister.
2195 808 2274 889 ›1‹
2316 805 2471 887 Ego
2502 799 2883 868 Leofuuine
2941 799 3067 862 mi-

991 909 1222 976 nister.
1352 914 1429 995 ᾧ
1471 911 1624 993 Ego
1659 907 1907 974 AElfric
1941 908 2269 972 minister.
2401 905 2487 989 »Β
2522 901 2674 985 Ego
2718 898 3068 980 AEbelsige

991 1012 1320 1076 minister.
1445 1011 1531 1095 »Β
1595 1007 1750 1092 Ego
1804 1006 2272 1073 AE’seluueard
2316 1005 2645 1071 minister.
2775 1002 2852 1083 ᾧ
2914 998 3067 1081 Ego

996 1111 1244 1177 AElsric
1275 1111 1607 1176 minister.
1720 1111 1800 1192 ›1‹
1844 1109 1996 1192 Ego
2033 1107 2367 1190 Uulfgeat
2405 1105 2733 1168 minister.

1809 1414 2259 1482 MGGLVII.

1706 1530 2348 1646 Einein,mffi.

1103 1705 1183 1786 *1-
1218 1701 1624 1768 RsseNAmn
1650 1699 1970 1766 Zabaoth
1998 1699 2069 1763 in
2097 1705 2497 1784 perpetuum
2525 1699 2799 1765 domino
2830 1707 3069 1766 nostro

999 1803 1210 1869 Ihesu
1239 1802 1553 1869 Christo!
1625 1799 1995 1877 Uniuersa,
2030 1801 2316 1877 scilicet,
2341 1799 2739 1864 diuitiarum
2770 1799 3067 1866 facultas

993 1910 1064 1969 et
1113 1901 1508 1986 temporalis
1559 1918 1772 1982 gazae
1826 1901 2192 1984 possessio,
2242 1918 2419 1983 quae
2468 1900 3063 1983 praedecessorum

993 2004 1202 2069 anxie
1250 2000 1635 2067 sollicitudo
1685 2018 1810 2083 per
1857 2000 2194 2064 indefessa
2246 1998 2555 2065 laborum
2610 1999 3069 2066 emolumenta

993 2104 1322 2178 lucratur,
1384 2117 1511 2184 pro
1582 2099 1807 2165 dolor!
1881 2099 2162 2164 incertis
2232 2098 2658 2178 haeredibus,
2722 2099 3065 2164 interdum

995 2203 1253 2286 optatis
1301 2218 1507 2281 saepe
1555 2199 1811 2276 exosis,
1854 2198 2373 2282 derelinquitur.
2478 2197 3068 2278 Quemadmodum

994 2299 1545 2386 psalmigraphus
1580 2298 2013 2382 inprouidam
2054 2298 2333 2363 humani
2370 2299 2642 2381 generis
2686 2299 3064 2364 socordiam

999 2419 1420 2483 conquerens
1443 2399 1774 2481 increpat,
1808 2403 1829 2434 ‘
1848 2398 2322 2475 Thesaurizat,
2355 2406 2427 2463 et
2460 2399 2735 2482 ignorat
2764 2399 2877 2463 cui
2908 2417 3070 2464 con-

998 2507 1243 2586 gregat
1287 2518 1372 2564 ea
1390 2523 1410 2574 ς
1425 2499 1444 2526 ’
1486 2517 1751 2563 necnon
1792 2517 2013 2581 sagax
2068 2498 2343 2563 diuinae
2382 2499 2715 2563 sermonis
2757 2499 3069 2584 sophista

996 2601 1446 2681 coelestisque
1460 2597 1914 2663 bibliothecae
1936 2599 2192 2664 ianitor
2208 2599 2495 2664 metrica
2510 2597 2831 2664 facundia
2848 2598 3063 2664 fretus

1000 2699 1402 2766 catalectico
1434 2698 1684 2763 cecinit
1708 2717 1937 2764 uersu.
2010 2697 2451 2782 Quapropter
2476 2717 2607 2781 ego
2640 2697 2917 2781 Eadgar
2944 2717 3068 2764 rex

1005 2799 1387 2885 Anglorum
1407 2805 1965 2882 caeterarumque
1983 2799 2291 2882 gentium
2312 2799 2383 2862 in
2398 2797 2687 2864 circuitu
2707 2799 3069 2882 persisten-

999 2902 1198 2979 tium,
1226 2898 1571 2985 quoddam
1609 2900 1789 2964 ruris
1837 2898 2263 2983 praediolum
2312 2912 2414 2967 m.
2444 2899 2706 2965 scilicet
2734 2907 3065 2979 cassatas,

1001 3001 1115 3067 cui
1156 3000 1482 3066 solicolae
1517 2998 1801 3065 huiusce
1842 2998 2237 3083 prouinciae
2277 3000 2635 3083 antiquum
2678 2995 3069 3067 indiderunt

1005 3101 1416 3167 uocabulum
1433 3105 1527 3163 eet
1547 3098 2032 3182 Lhincgelade,
2048 3099 2318 3165 cuidam
2338 3106 2693 3164 matronae
2708 3100 3068 3183 ingenuae,

1003 3220 1180 3284 quae
1224 3200 1390 3266 mihi
1441 3197 1769 3265 affinitate
1818 3200 2186 3264 mundialis
2226 3218 2342 3265 cru
2350 3200 2489 3263 oris
2530 3200 2898 3265 coniuncta
2939 3207 3066 3279 est,

1003 3320 1182 3385 quae
1221 3300 1311 3364 ab
1350 3298 1552 3365 istius
1588 3300 1857 3382 patriae
1898 3300 2227 3381 gnosticis
2268 3300 2565 3382 eleg-anti
2610 3298 2903 3382 AElfgifu
2944 3316 3068 3383 ap-

1001 3401 1298 3484 pellatur
1325 3399 1701 3476 uocamine,
1731 3417 1858 3482 pro
1893 3399 2220 3483 obsequio
2253 3400 2401 3464 eius
2432 3398 2879 3465 deuotissimo
2908 3418 3063 3483 per·

999 3508 1211 3584 petua
1257 3498 1548 3581 largitus
1589 3517 1743 3562 sum
1786 3498 2228 3575 haereditate,
2272 3507 2349 3564 ut
2397 3500 2571 3581 ipsa,
2601 3499 2749 3564 uita
2794 3500 3064 3578 comite,

1003 3619 1158 3665 cum
1225 3598 1536 3664 omnibus
1597 3597 2027 3675 utensilibus,
2084 3599 2302 3681 pratis
2368 3599 2710 3677 uidelicet,
2772 3600 3065 3681 pascuis,

1003 3700 1220 3776 siluis,
1253 3699 1401 3763 uoti
1427 3716 1709 3780 compos
1740 3696 2028 3771 habeat;
2075 3706 2147 3762 et
2186 3706 2346 3781 post
2386 3700 2574 3765 uitae
2622 3716 2791 3763 suae
2836 3700 3065 3763 termi—

1004 3816 1168 3865 num
1203 3798 1741 3882 qnibuscumque
1774 3796 2071 3863 uoluerit
2107 3797 2511 3863 cleronomis
2550 3799 2915 3863 immunem
2948 3799 3069 3864 de·

1003 3899 1366 3982 relinquat.
1470 3896 1575 3962 Sit
1617 3904 1846 3962 autem
1901 3896 2323 3981 praedictum
2372 3918 2491 3963 rus
2532 3900 2713 3964 omni
2758 3904 3067 3963 terrenae

1001 3999 1352 4063 seruitutis
1393 3998 1556 4080 iugo
1583 3996 1900 4075 liberum,
1936 3998 2155 4063 tribus
2184 4000 2513 4081 exceptis,
2548 4004 2703 4063 rata
2746 3998 3067 4063 uidelIcet

1005 4098 1464 4179 expeditione,
1529 4098 1762 4180 pontis
1828 4098 2094 4162 arcisue
2154 4097 2674 4165 restauratione.
2778 4094 2853 4162 Si
2913 4099 3067 4182 quis

1001 4197 1214 4278 igitur
1242 4197 1418 4261 hanc
1451 4203 1752 4261 nostram
1789 4197 2229 4263 donationem
2260 4198 2330 4261 in
2363 4197 2549 4263 aliud
2578 4214 2786 4281 quam
2812 4199 3064 4263 consti-

997 4297 1256 4361 tuimus
1296 4295 1659 4361 transferre
1701 4296 2025 4375 uoluerit,
2057 4298 2371 4381 priuatus
2406 4300 2747 4363 consortio
2787 4304 3067 4362 sanctae

990 4396 1102 4462 dei
1164 4395 1560 4472 aecclesiae,
1619 4397 1917 4461 aeternis
1983 4397 2291 4463 barathri
2356 4398 2689 4465 incendiis
2752 4396 3063 4481 lugubris
