<?xml version="1.0" encoding="UTF-8"?>
<!DOCTYPE html PUBLIC "-//W3C//DTD XHTML 1.0 Transitional//EN"
    "http://www.w3.org/TR/xhtml1/DTD/xhtml1-transitional.dtd">
<html xmlns="http://www.w3.org/1999/xhtml" xml:lang="en" lang="en">
 <head>
  <title>
</title>
<meta http-equiv="Content-Type" content="text/html;charset=utf-8" />
  <meta name='ocr-system' content='tesseract 3.04.00' />
  <meta name='ocr-capabilities' content='ocr_page ocr_carea ocr_par ocr_line ocrx_word'/>
</head>
<body>
  <div class='ocr_page' id='page_1' title='image "./codexdiplomatic06kembgoog_0107.png"; bbox 0 0 3552 5764; ppageno 0'>
   <div class='ocr_carea' id='block_1_1' title="bbox 1051 553 2640 622">
    <p class='ocr_par' dir='ltr' id='par_1_1' title="bbox 1051 553 2640 622">
     <span class='ocr_line' id='line_1_1' title="bbox 1051 553 2640 622; baseline -0.003 0"><span class='ocrx_word' id='word_1_1' title='bbox 1051 553 1142 622; x_wconf 81' lang='lat'><strong>66</strong></span> <span class='ocrx_word' id='word_1_2' title='bbox 1570 569 1917 620; x_wconf 58' lang='lat' dir='ltr'><strong>osanna</strong></span> <span class='ocrx_word' id='word_1_3' title='bbox 1958 567 2640 618; x_wconf 57' lang='lat' dir='ltr'><strong>Ancmsnxomcu.</strong></span> 
     </span>
    </p>
   </div>
   <div class='ocr_carea' id='block_1_2' title="bbox 1056 725 3131 1214">
    <p class='ocr_par' dir='ltr' id='par_1_2' title="bbox 1056 725 3131 1214">
     <span class='ocr_line' id='line_1_2' title="bbox 1056 725 3129 812; baseline -0.002 -18"><span class='ocrx_word' id='word_1_4' title='bbox 1056 736 1198 797; x_wconf 57' lang='lat' dir='ltr'><strong>nofe</strong></span> <span class='ocrx_word' id='word_1_5' title='bbox 1223 729 1392 795; x_wconf 84' lang='lat' dir='ltr'><strong>dux.</strong></span> <span class='ocrx_word' id='word_1_6' title='bbox 1490 731 1569 812; x_wconf 72' lang='lat'><strong>›1‹</strong></span> <span class='ocrx_word' id='word_1_7' title='bbox 1614 729 1768 812; x_wconf 88' lang='lat' dir='ltr'><strong>Ego</strong></span> <span class='ocrx_word' id='word_1_8' title='bbox 1798 726 2173 812; x_wconf 68' lang='lat' dir='ltr'><strong>Byrhtfei’s</strong></span> <span class='ocrx_word' id='word_1_9' title='bbox 2200 729 2533 793; x_wconf 80' lang='lat' dir='ltr'><strong>minister.</strong></span> <span class='ocrx_word' id='word_1_10' title='bbox 2645 729 2724 810; x_wconf 72' lang='lat'><strong>›1‹</strong></span> <span class='ocrx_word' id='word_1_11' title='bbox 2764 725 2917 808; x_wconf 81' lang='lat' dir='ltr'><strong>Ego</strong></span> <span class='ocrx_word' id='word_1_12' title='bbox 2950 725 3129 790; x_wconf 86' lang='lat' dir='ltr'><strong>AElf-</strong></span> 
     </span>
     <span class='ocr_line' id='line_1_3' title="bbox 1057 825 3131 911; baseline -0.003 -15"><span class='ocrx_word' id='word_1_13' title='bbox 1057 832 1266 896; x_wconf 91' lang='lat' dir='ltr'><strong>uuine</strong></span> <span class='ocrx_word' id='word_1_14' title='bbox 1293 830 1626 894; x_wconf 80' lang='lat' dir='ltr'><strong>minister.</strong></span> <span class='ocrx_word' id='word_1_15' title='bbox 1725 830 1805 911; x_wconf 60' lang='grc' dir='ltr'><strong>»Β</strong></span> <span class='ocrx_word' id='word_1_16' title='bbox 1846 829 2000 911; x_wconf 82' lang='lat' dir='ltr'><strong>Ego</strong></span> <span class='ocrx_word' id='word_1_17' title='bbox 2030 828 2385 910; x_wconf 60' lang='lat' dir='ltr'><strong>AEtielsige</strong></span> <span class='ocrx_word' id='word_1_18' title='bbox 2418 827 2749 892; x_wconf 75' lang='lat' dir='ltr'><strong>minister.</strong></span> <span class='ocrx_word' id='word_1_19' title='bbox 2858 828 2937 909; x_wconf 72' lang='lat'><strong>›1‹</strong></span> <span class='ocrx_word' id='word_1_20' title='bbox 2978 825 3131 908; x_wconf 81' lang='lat' dir='ltr'><strong>Ego</strong></span> 
     </span>
     <span class='ocr_line' id='line_1_4' title="bbox 1062 927 3120 1012; baseline -0.005 -15"><span class='ocrx_word' id='word_1_21' title='bbox 1062 930 1423 996; x_wconf 82' lang='lat' dir='ltr'><strong>Uulshelm</strong></span> <span class='ocrx_word' id='word_1_22' title='bbox 1459 929 1791 994; x_wconf 82' lang='lat' dir='ltr'><strong>minister.</strong></span> <span class='ocrx_word' id='word_1_23' title='bbox 1901 931 1980 1012; x_wconf 72' lang='lat'><strong>›1‹</strong></span> <span class='ocrx_word' id='word_1_24' title='bbox 2020 928 2171 1010; x_wconf 85' lang='lat' dir='ltr'><strong>Ego</strong></span> <span class='ocrx_word' id='word_1_25' title='bbox 2204 927 2560 993; x_wconf 85' lang='lat' dir='ltr'><strong>AElfuuold</strong></span> <span class='ocrx_word' id='word_1_26' title='bbox 2602 927 2929 991; x_wconf 78' lang='lat' dir='ltr'><strong>minister.</strong></span> <span class='ocrx_word' id='word_1_27' title='bbox 3041 928 3120 1009; x_wconf 59' lang='grc' dir='ltr'><strong>»Β</strong></span> 
     </span>
     <span class='ocr_line' id='line_1_5' title="bbox 1061 1025 3129 1113; baseline -0.003 -17"><span class='ocrx_word' id='word_1_28' title='bbox 1061 1031 1214 1113; x_wconf 86' lang='lat' dir='ltr'><strong>Ego</strong></span> <span class='ocrx_word' id='word_1_29' title='bbox 1261 1028 1588 1096; x_wconf 81' lang='lat' dir='ltr'><strong>Uulfstan</strong></span> <span class='ocrx_word' id='word_1_30' title='bbox 1631 1029 1966 1094; x_wconf 84' lang='lat' dir='ltr'><strong>minister.</strong></span> <span class='ocrx_word' id='word_1_31' title='bbox 2094 1030 2173 1111; x_wconf 72' lang='lat'><strong>›1‹</strong></span> <span class='ocrx_word' id='word_1_32' title='bbox 2236 1029 2390 1111; x_wconf 87' lang='lat' dir='ltr'><strong>Ego</strong></span> <span class='ocrx_word' id='word_1_33' title='bbox 2446 1026 2743 1109; x_wconf 86' lang='lat' dir='ltr'><strong>AElfsige</strong></span> <span class='ocrx_word' id='word_1_34' title='bbox 2804 1025 3129 1091; x_wconf 85' lang='lat' dir='ltr'><strong>minister.</strong></span> 
     </span>
     <span class='ocr_line' id='line_1_6' title="bbox 1072 1125 3045 1214; baseline -0.003 -17"><span class='ocrx_word' id='word_1_35' title='bbox 1072 1133 1151 1214; x_wconf 73' lang='lat'><strong>›1‹</strong></span> <span class='ocrx_word' id='word_1_36' title='bbox 1190 1130 1344 1214; x_wconf 80' lang='lat' dir='ltr'><strong>Ego</strong></span> <span class='ocrx_word' id='word_1_37' title='bbox 1375 1128 1670 1196; x_wconf 83' lang='lat' dir='ltr'><strong>Ealdred</strong></span> <span class='ocrx_word' id='word_1_38' title='bbox 1703 1129 2033 1195; x_wconf 73' lang='lat' dir='ltr'><strong>minister.</strong></span> <span class='ocrx_word' id='word_1_39' title='bbox 2133 1130 2212 1211; x_wconf 73' lang='lat'><strong>›1‹</strong></span> <span class='ocrx_word' id='word_1_40' title='bbox 2254 1128 2409 1212; x_wconf 83' lang='lat' dir='ltr'><strong>Ego</strong></span> <span class='ocrx_word' id='word_1_41' title='bbox 2438 1125 2687 1192; x_wconf 81' lang='lat' dir='ltr'><strong>AElfric</strong></span> <span class='ocrx_word' id='word_1_42' title='bbox 2714 1126 3045 1192; x_wconf 83' lang='lat' dir='ltr'><strong>minister.</strong></span> 
     </span>
    </p>
   </div>
   <div class='ocr_carea' id='block_1_3' title="bbox 1979 1315 2215 1326">
    <p class='ocr_par' dir='ltr' id='par_1_3' title="bbox 1979 1315 2215 1326">
     <span class='ocr_line' id='line_1_7' title="bbox 1979 1315 2215 1326; baseline 0 0"><span class='ocrx_word' id='word_1_43' title='bbox 1979 1315 2215 1326; x_wconf 95' lang='lat' dir='ltr'><strong> </strong></span> 
     </span>
    </p>
   </div>
   <div class='ocr_carea' id='block_1_4' title="bbox 1775 1425 2411 1654">
    <p class='ocr_par' dir='ltr' id='par_1_4' title="bbox 1775 1425 2411 1654">
     <span class='ocr_line' id='line_1_8' title="bbox 1952 1425 2242 1492; baseline 0 0"><span class='ocrx_word' id='word_1_44' title='bbox 1952 1425 2242 1492; x_wconf 69' lang='lat' dir='ltr'><strong>moon.</strong></span> 
     </span>
     <span class='ocr_line' id='line_1_9' title="bbox 1775 1537 2411 1654; baseline 0.003 -14"><span class='ocrx_word' id='word_1_45' title='bbox 1775 1537 2217 1654; x_wconf 56' lang='lat' dir='ltr'><strong>niman,</strong></span> <span class='ocrx_word' id='word_1_46' title='bbox 2257 1573 2411 1642; x_wconf 83' lang='lat'><strong>963.</strong></span> 
     </span>
    </p>
   </div>
   <div class='ocr_carea' id='block_1_5' title="bbox 1063 1725 3221 4409">
    <p class='ocr_par' dir='ltr' id='par_1_5' title="bbox 1063 1725 3221 4409">
     <span class='ocr_line' id='line_1_10' title="bbox 1173 1725 3134 1813; baseline -0.001 -19"><span class='ocrx_word' id='word_1_47' title='bbox 1173 1732 1252 1813; x_wconf 61' lang='grc' dir='ltr'><strong>»Β</strong></span> <span class='ocrx_word' id='word_1_48' title='bbox 1289 1727 1776 1794; x_wconf 68' lang='grc' dir='ltr'><strong>Διτιτιιιιοκο</strong></span> <span class='ocrx_word' id='word_1_49' title='bbox 1803 1727 1874 1789; x_wconf 89' lang='lat' dir='ltr'><strong>in</strong></span> <span class='ocrx_word' id='word_1_50' title='bbox 1902 1734 2252 1792; x_wconf 87' lang='lat' dir='ltr'><strong>aeternum</strong></span> <span class='ocrx_word' id='word_1_51' title='bbox 2294 1728 2669 1810; x_wconf 75' lang='lat' dir='ltr'><strong>regnante!</strong></span> <span class='ocrx_word' id='word_1_52' title='bbox 2773 1725 3134 1792; x_wconf 89' lang='lat' dir='ltr'><strong>Uniuersis</strong></span> 
     </span>
     <span class='ocr_line' id='line_1_11' title="bbox 1063 1825 3221 1913; baseline -0.002 -19"><span class='ocrx_word' id='word_1_53' title='bbox 1063 1829 1346 1913; x_wconf 75' lang='lat' dir='ltr'><strong>sophiae</strong></span> <span class='ocrx_word' id='word_1_54' title='bbox 1393 1828 1694 1893; x_wconf 90' lang='lat' dir='ltr'><strong>studium</strong></span> <span class='ocrx_word' id='word_1_55' title='bbox 1743 1825 2011 1890; x_wconf 89' lang='lat' dir='ltr'><strong>intento</strong></span> <span class='ocrx_word' id='word_1_56' title='bbox 2058 1827 2304 1892; x_wconf 88' lang='lat' dir='ltr'><strong>mentis</strong></span> <span class='ocrx_word' id='word_1_57' title='bbox 2358 1827 2714 1892; x_wconf 85' lang='lat' dir='ltr'><strong>conamine</strong></span> <span class='ocrx_word' id='word_1_58' title='bbox 2762 1825 3001 1891; x_wconf 89' lang='lat' dir='ltr'><strong>sedulo</strong></span> <span class='ocrx_word' id='word_1_59' title='bbox 3042 1827 3136 1890; x_wconf 90' lang='lat' dir='ltr'><strong>ri-</strong></span> <span class='ocrx_word' id='word_1_60' title='bbox 3214 1859 3221 1866; x_wconf 94' lang='lat'><em>·</em></span> 
     </span>
     <span class='ocr_line' id='line_1_12' title="bbox 1066 1926 3135 2011; baseline -0.001 -18"><span class='ocrx_word' id='word_1_61' title='bbox 1066 1930 1416 1995; x_wconf 85' lang='lat' dir='ltr'><strong>mantibus</strong></span> <span class='ocrx_word' id='word_1_62' title='bbox 1458 1927 1718 2011; x_wconf 86' lang='lat' dir='ltr'><strong>liquido</strong></span> <span class='ocrx_word' id='word_1_63' title='bbox 1749 1927 2069 2008; x_wconf 80' lang='lat' dir='ltr'><strong>patescit,</strong></span> <span class='ocrx_word' id='word_1_64' title='bbox 2112 1927 2296 2010; x_wconf 88' lang='lat' dir='ltr'><strong>quod</strong></span> <span class='ocrx_word' id='word_1_65' title='bbox 2339 1926 2543 1991; x_wconf 87' lang='lat' dir='ltr'><strong>huius</strong></span> <span class='ocrx_word' id='word_1_66' title='bbox 2584 1928 2774 1992; x_wconf 89' lang='lat' dir='ltr'><strong>uitae</strong></span> <span class='ocrx_word' id='word_1_67' title='bbox 2814 1926 3135 2010; x_wconf 86' lang='lat' dir='ltr'><strong>periculis</strong></span> 
     </span>
     <span class='ocr_line' id='line_1_13' title="bbox 1067 2026 3137 2110; baseline -0.001 -16"><span class='ocrx_word' id='word_1_68' title='bbox 1067 2030 1279 2094; x_wconf 90' lang='lat' dir='ltr'><strong>nimio</strong></span> <span class='ocrx_word' id='word_1_69' title='bbox 1325 2026 1801 2110; x_wconf 80' lang='lat' dir='ltr'><strong>ingruentibus</strong></span> <span class='ocrx_word' id='word_1_70' title='bbox 1856 2033 2139 2104; x_wconf 89' lang='lat' dir='ltr'><strong>terrore,</strong></span> <span class='ocrx_word' id='word_1_71' title='bbox 2196 2026 2480 2092; x_wconf 89' lang='lat' dir='ltr'><strong>recidiui</strong></span> <span class='ocrx_word' id='word_1_72' title='bbox 2536 2027 2865 2091; x_wconf 89' lang='lat' dir='ltr'><strong>terminus</strong></span> <span class='ocrx_word' id='word_1_73' title='bbox 2922 2027 3137 2092; x_wconf 85' lang='lat' dir='ltr'><strong>cosmi</strong></span> 
     </span>
     <span class='ocr_line' id='line_1_14' title="bbox 1067 2125 3137 2213; baseline -0.002 -19"><span class='ocrx_word' id='word_1_74' title='bbox 1067 2128 1617 2213; x_wconf 88' lang='lat' dir='ltr'><strong>appropinquare</strong></span> <span class='ocrx_word' id='word_1_75' title='bbox 1645 2125 2063 2206; x_wconf 90' lang='lat' dir='ltr'><strong>dinoscitur;</strong></span> <span class='ocrx_word' id='word_1_76' title='bbox 2108 2133 2187 2190; x_wconf 92' lang='lat' dir='ltr'><strong>ut</strong></span> <span class='ocrx_word' id='word_1_77' title='bbox 2216 2126 2519 2192; x_wconf 86' lang='lat' dir='ltr'><strong>ueridica</strong></span> <span class='ocrx_word' id='word_1_78' title='bbox 2546 2125 2803 2191; x_wconf 84' lang='lat' dir='ltr'><strong>Christi</strong></span> <span class='ocrx_word' id='word_1_79' title='bbox 2832 2125 3137 2210; x_wconf 89' lang='lat' dir='ltr'><strong>promul-</strong></span> 
     </span>
     <span class='ocr_line' id='line_1_15' title="bbox 1069 2225 3135 2311; baseline -0.002 -17"><span class='ocrx_word' id='word_1_80' title='bbox 1069 2236 1194 2311; x_wconf 88' lang='lat' dir='ltr'><strong>gat</strong></span> <span class='ocrx_word' id='word_1_81' title='bbox 1223 2227 1586 2304; x_wconf 87' lang='lat' dir='ltr'><strong>sententia,</strong></span> <span class='ocrx_word' id='word_1_82' title='bbox 1617 2244 1758 2310; x_wconf 88' lang='lat' dir='ltr'><strong>qua</strong></span> <span class='ocrx_word' id='word_1_83' title='bbox 1790 2225 1979 2302; x_wconf 85' lang='lat' dir='ltr'><strong>dicit,</strong></span> <span class='ocrx_word' id='word_1_84' title='bbox 2024 2230 2043 2260; x_wconf 94' lang='lat'>‘</span> <span class='ocrx_word' id='word_1_85' title='bbox 2072 2225 2327 2310; x_wconf 79' lang='lat' dir='ltr'><strong>Surget</strong></span> <span class='ocrx_word' id='word_1_86' title='bbox 2357 2245 2529 2310; x_wconf 87' lang='lat' dir='ltr'><strong>gens</strong></span> <span class='ocrx_word' id='word_1_87' title='bbox 2562 2233 2803 2292; x_wconf 86' lang='lat' dir='ltr'><strong>contra</strong></span> <span class='ocrx_word' id='word_1_88' title='bbox 2834 2235 3135 2310; x_wconf 78' lang='lat' dir='ltr'><strong>gentem,</strong></span> 
     </span>
     <span class='ocr_line' id='line_1_16' title="bbox 1069 2321 3136 2410; baseline -0.001 -16"><span class='ocrx_word' id='word_1_89' title='bbox 1069 2336 1142 2394; x_wconf 87' lang='lat' dir='ltr'><strong>et</strong></span> <span class='ocrx_word' id='word_1_90' title='bbox 1169 2346 1457 2409; x_wconf 87' lang='lat' dir='ltr'><strong>regnum</strong></span> <span class='ocrx_word' id='word_1_91' title='bbox 1485 2325 1818 2391; x_wconf 87' lang='lat' dir='ltr'><strong>aduersus</strong></span> <span class='ocrx_word' id='word_1_92' title='bbox 1844 2321 2176 2407; x_wconf 63' lang='lat' dir='ltr'><strong>regnum}</strong></span> <span class='ocrx_word' id='word_1_93' title='bbox 2212 2333 2285 2392; x_wconf 90' lang='lat' dir='ltr'><strong>et</strong></span> <span class='ocrx_word' id='word_1_94' title='bbox 2310 2327 2595 2410; x_wconf 86' lang='lat' dir='ltr'><strong>reliqua.</strong></span> <span class='ocrx_word' id='word_1_95' title='bbox 2673 2325 3136 2406; x_wconf 75' lang='lat' dir='ltr'><strong>Quamobrem</strong></span> 
     </span>
     <span class='ocr_line' id='line_1_17' title="bbox 1069 2423 3138 2510; baseline 0 -18"><span class='ocrx_word' id='word_1_96' title='bbox 1069 2447 1201 2510; x_wconf 91' lang='lat' dir='ltr'><strong>ego</strong></span> <span class='ocrx_word' id='word_1_97' title='bbox 1245 2426 1528 2508; x_wconf 88' lang='lat' dir='ltr'><strong>Eadgar</strong></span> <span class='ocrx_word' id='word_1_98' title='bbox 1573 2423 1787 2490; x_wconf 87' lang='lat' dir='ltr'><strong>totius</strong></span> <span class='ocrx_word' id='word_1_99' title='bbox 1826 2424 2227 2490; x_wconf 73' lang='lat' dir='ltr'><strong>Britanniae</strong></span> <span class='ocrx_word' id='word_1_100' title='bbox 2264 2427 2589 2502; x_wconf 82' lang='lat' dir='ltr'><strong>basileus,</strong></span> <span class='ocrx_word' id='word_1_101' title='bbox 2627 2426 2977 2510; x_wconf 88' lang='lat' dir='ltr'><strong>quandam</strong></span> <span class='ocrx_word' id='word_1_102' title='bbox 3006 2427 3138 2492; x_wconf 88' lang='lat' dir='ltr'><strong>tel·</strong></span> 
     </span>
     <span class='ocr_line' id='line_1_18' title="bbox 1068 2525 3139 2611; baseline -0 -20"><span class='ocrx_word' id='word_1_103' title='bbox 1068 2527 1238 2592; x_wconf 86' lang='lat' dir='ltr'><strong>luris</strong></span> <span class='ocrx_word' id='word_1_104' title='bbox 1288 2526 1700 2611; x_wconf 81' lang='lat' dir='ltr'><strong>particulam</strong></span> <span class='ocrx_word' id='word_1_105' title='bbox 1747 2541 2029 2590; x_wconf 84' lang='lat' dir='ltr'><strong>.xxu11.</strong></span> <span class='ocrx_word' id='word_1_106' title='bbox 2078 2525 2401 2592; x_wconf 84' lang='lat' dir='ltr'><strong>uidelicet</strong></span> <span class='ocrx_word' id='word_1_107' title='bbox 2446 2533 2779 2604; x_wconf 83' lang='lat' dir='ltr'><strong>cassatos,</strong></span> <span class='ocrx_word' id='word_1_108' title='bbox 2821 2527 2975 2591; x_wconf 92' lang='lat' dir='ltr'><strong>loco</strong></span> <span class='ocrx_word' id='word_1_109' title='bbox 3018 2525 3139 2610; x_wconf 88' lang='lat' dir='ltr'><strong>qui</strong></span> 
     </span>
     <span class='ocr_line' id='line_1_19' title="bbox 1071 2625 3138 2709; baseline -0.001 -16"><span class='ocrx_word' id='word_1_110' title='bbox 1071 2626 1322 2693; x_wconf 84' lang='lat' dir='ltr'><strong>celebri</strong></span> <span class='ocrx_word' id='word_1_111' title='bbox 1352 2633 1447 2692; x_wconf 80' lang='lat' dir='ltr'><strong>oet</strong></span> <span class='ocrx_word' id='word_1_112' title='bbox 1483 2625 1989 2707; x_wconf 84' lang='lat' dir='ltr'><strong>Wasingatune</strong></span> <span class='ocrx_word' id='word_1_113' title='bbox 2022 2633 2455 2709; x_wconf 90' lang='lat' dir='ltr'><strong>nuncupatur</strong></span> <span class='ocrx_word' id='word_1_114' title='bbox 2485 2633 2827 2704; x_wconf 84' lang='lat' dir='ltr'><strong>onomate,</strong></span> <span class='ocrx_word' id='word_1_115' title='bbox 2868 2627 3138 2691; x_wconf 83' lang='lat' dir='ltr'><strong>cuidam</strong></span> 
     </span>
     <span class='ocr_line' id='line_1_20' title="bbox 1071 2724 3138 2811; baseline 0 -19"><span class='ocrx_word' id='word_1_116' title='bbox 1071 2726 1374 2811; x_wconf 87' lang='lat' dir='ltr'><strong>praesuli</strong></span> <span class='ocrx_word' id='word_1_117' title='bbox 1406 2727 1526 2810; x_wconf 89' lang='lat' dir='ltr'><strong>qui</strong></span> <span class='ocrx_word' id='word_1_118' title='bbox 1559 2726 1648 2791; x_wconf 90' lang='lat' dir='ltr'><strong>ab</strong></span> <span class='ocrx_word' id='word_1_119' title='bbox 1687 2724 1973 2790; x_wconf 86' lang='lat' dir='ltr'><strong>huiusce</strong></span> <span class='ocrx_word' id='word_1_120' title='bbox 2011 2726 2278 2809; x_wconf 84' lang='lat' dir='ltr'><strong>patriae</strong></span> <span class='ocrx_word' id='word_1_121' title='bbox 2320 2727 2653 2808; x_wconf 78' lang='lat' dir='ltr'><strong>gnosticis</strong></span> <span class='ocrx_word' id='word_1_122' title='bbox 2696 2733 2863 2792; x_wconf 89' lang='lat' dir='ltr'><strong>noto</strong></span> <span class='ocrx_word' id='word_1_123' title='bbox 2894 2727 3138 2792; x_wconf 57' lang='lat' dir='ltr'><strong>Amel-</strong></span> 
     </span>
     <span class='ocr_line' id='line_1_21' title="bbox 1073 2825 3139 2911; baseline 0 -18"><span class='ocrx_word' id='word_1_124' title='bbox 1073 2825 1288 2893; x_wconf 90' lang='lat' dir='ltr'><strong>uuold</strong></span> <span class='ocrx_word' id='word_1_125' title='bbox 1304 2831 1744 2911; x_wconf 89' lang='lat' dir='ltr'><strong>nuncupatur</strong></span> <span class='ocrx_word' id='word_1_126' title='bbox 1768 2825 2133 2905; x_wconf 86' lang='lat' dir='ltr'><strong>uocabulo,</strong></span> <span class='ocrx_word' id='word_1_127' title='bbox 2158 2827 2249 2892; x_wconf 91' lang='lat' dir='ltr'><strong>ob</strong></span> <span class='ocrx_word' id='word_1_128' title='bbox 2276 2833 2627 2893; x_wconf 80' lang='lat' dir='ltr'><strong>aeternam</strong></span> <span class='ocrx_word' id='word_1_129' title='bbox 2648 2825 2917 2892; x_wconf 89' lang='lat' dir='ltr'><strong>animae</strong></span> <span class='ocrx_word' id='word_1_130' title='bbox 2944 2845 3139 2893; x_wconf 85' lang='lat' dir='ltr'><strong>meae</strong></span> 
     </span>
     <span class='ocr_line' id='line_1_22' title="bbox 1071 2924 3138 3010; baseline 0 -19"><span class='ocrx_word' id='word_1_131' title='bbox 1071 2926 1710 3005; x_wconf 87' lang='lat' dir='ltr'><strong>remunerationem,</strong></span> <span class='ocrx_word' id='word_1_132' title='bbox 1759 2932 2095 3009; x_wconf 86' lang='lat' dir='ltr'><strong>perpetua</strong></span> <span class='ocrx_word' id='word_1_133' title='bbox 2144 2927 2436 3010; x_wconf 88' lang='lat' dir='ltr'><strong>largitus</strong></span> <span class='ocrx_word' id='word_1_134' title='bbox 2478 2946 2627 2992; x_wconf 90' lang='lat' dir='ltr'><strong>sum</strong></span> <span class='ocrx_word' id='word_1_135' title='bbox 2672 2924 3138 3009; x_wconf 81' lang='lat' dir='ltr'><strong>haereditate3</strong></span> 
     </span>
     <span class='ocr_line' id='line_1_23' title="bbox 1075 3026 3138 3110; baseline 0 -18"><span class='ocrx_word' id='word_1_136' title='bbox 1075 3034 1178 3105; x_wconf 88' lang='lat' dir='ltr'><strong>ut,</strong></span> <span class='ocrx_word' id='word_1_137' title='bbox 1220 3028 1372 3093; x_wconf 85' lang='lat' dir='ltr'><strong>uita</strong></span> <span class='ocrx_word' id='word_1_138' title='bbox 1407 3026 1680 3104; x_wconf 87' lang='lat' dir='ltr'><strong>comite,</strong></span> <span class='ocrx_word' id='word_1_139' title='bbox 1709 3026 1857 3091; x_wconf 89' lang='lat' dir='ltr'><strong>uoti</strong></span> <span class='ocrx_word' id='word_1_140' title='bbox 1884 3044 2165 3110; x_wconf 91' lang='lat' dir='ltr'><strong>compos</strong></span> <span class='ocrx_word' id='word_1_141' title='bbox 2212 3026 2587 3110; x_wconf 88' lang='lat' dir='ltr'><strong>possideat,</strong></span> <span class='ocrx_word' id='word_1_142' title='bbox 2628 3033 2702 3092; x_wconf 90' lang='lat' dir='ltr'><strong>et</strong></span> <span class='ocrx_word' id='word_1_143' title='bbox 2746 3034 2907 3110; x_wconf 90' lang='lat' dir='ltr'><strong>post</strong></span> <span class='ocrx_word' id='word_1_144' title='bbox 2951 3028 3138 3093; x_wconf 85' lang='lat' dir='ltr'><strong>uitae</strong></span> 
     </span>
     <span class='ocr_line' id='line_1_24' title="bbox 1072 3126 3137 3211; baseline -0 -19"><span class='ocrx_word' id='word_1_145' title='bbox 1072 3144 1242 3192; x_wconf 86' lang='lat' dir='ltr'><strong>suae</strong></span> <span class='ocrx_word' id='word_1_146' title='bbox 1272 3128 1638 3193; x_wconf 88' lang='lat' dir='ltr'><strong>terminum</strong></span> <span class='ocrx_word' id='word_1_147' title='bbox 1665 3126 2206 3211; x_wconf 87' lang='lat' dir='ltr'><strong>quibuscumque</strong></span> <span class='ocrx_word' id='word_1_148' title='bbox 2244 3126 2542 3192; x_wconf 87' lang='lat' dir='ltr'><strong>uoluerit</strong></span> <span class='ocrx_word' id='word_1_149' title='bbox 2573 3126 2977 3193; x_wconf 88' lang='lat' dir='ltr'><strong>cleronomis</strong></span> <span class='ocrx_word' id='word_1_150' title='bbox 3007 3128 3137 3191; x_wconf 91' lang='lat' dir='ltr'><strong>im-</strong></span> 
     </span>
     <span class='ocr_line' id='line_1_25' title="bbox 1073 3225 3137 3311; baseline 0 -20"><span class='ocrx_word' id='word_1_151' title='bbox 1073 3246 1346 3291; x_wconf 90' lang='lat' dir='ltr'><strong>munem</strong></span> <span class='ocrx_word' id='word_1_152' title='bbox 1376 3225 1827 3311; x_wconf 83' lang='lat' dir='ltr'><strong>derelinquat.</strong></span> <span class='ocrx_word' id='word_1_153' title='bbox 1929 3225 2037 3291; x_wconf 88' lang='lat' dir='ltr'><strong>Sit</strong></span> <span class='ocrx_word' id='word_1_154' title='bbox 2062 3233 2291 3291; x_wconf 88' lang='lat' dir='ltr'><strong>autem</strong></span> <span class='ocrx_word' id='word_1_155' title='bbox 2326 3227 2749 3310; x_wconf 88' lang='lat' dir='ltr'><strong>praedictum</strong></span> <span class='ocrx_word' id='word_1_156' title='bbox 2790 3246 2909 3291; x_wconf 90' lang='lat' dir='ltr'><strong>rus</strong></span> <span class='ocrx_word' id='word_1_157' title='bbox 2952 3227 3137 3292; x_wconf 89' lang='lat' dir='ltr'><strong>omni</strong></span> 
     </span>
     <span class='ocr_line' id='line_1_26' title="bbox 1073 3325 3140 3410; baseline 0 -18"><span class='ocrx_word' id='word_1_158' title='bbox 1073 3338 1388 3393; x_wconf 86' lang='lat' dir='ltr'><strong>terrenae</strong></span> <span class='ocrx_word' id='word_1_159' title='bbox 1429 3325 1785 3390; x_wconf 85' lang='lat' dir='ltr'><strong>seruitutis</strong></span> <span class='ocrx_word' id='word_1_160' title='bbox 1821 3325 1985 3409; x_wconf 82' lang='lat' dir='ltr'><strong>iugo</strong></span> <span class='ocrx_word' id='word_1_161' title='bbox 2017 3325 2330 3405; x_wconf 87' lang='lat' dir='ltr'><strong>liberum,</strong></span> <span class='ocrx_word' id='word_1_162' title='bbox 2362 3327 2581 3391; x_wconf 89' lang='lat' dir='ltr'><strong>tribus</strong></span> <span class='ocrx_word' id='word_1_163' title='bbox 2616 3326 2953 3410; x_wconf 87' lang='lat' dir='ltr'><strong>exceptis,</strong></span> <span class='ocrx_word' id='word_1_164' title='bbox 2985 3335 3140 3393; x_wconf 89' lang='lat' dir='ltr'><strong>rata</strong></span> 
     </span>
     <span class='ocr_line' id='line_1_27' title="bbox 1075 3424 3138 3509; baseline 0.001 -19"><span class='ocrx_word' id='word_1_165' title='bbox 1075 3426 1398 3491; x_wconf 90' lang='lat' dir='ltr'><strong>uidelicet</strong></span> <span class='ocrx_word' id='word_1_166' title='bbox 1465 3424 1925 3509; x_wconf 83' lang='lat' dir='ltr'><strong>expeditione,</strong></span> <span class='ocrx_word' id='word_1_167' title='bbox 1986 3426 2218 3508; x_wconf 89' lang='lat' dir='ltr'><strong>pontis</strong></span> <span class='ocrx_word' id='word_1_168' title='bbox 2289 3426 2554 3491; x_wconf 88' lang='lat' dir='ltr'><strong>arcisue</strong></span> <span class='ocrx_word' id='word_1_169' title='bbox 2614 3427 3138 3493; x_wconf 86' lang='lat' dir='ltr'><strong>restauratione.</strong></span> 
     </span>
     <span class='ocr_line' id='line_1_28' title="bbox 1077 3523 3141 3612; baseline 0.001 -21"><span class='ocrx_word' id='word_1_170' title='bbox 1077 3525 1154 3591; x_wconf 89' lang='lat' dir='ltr'><strong>Si</strong></span> <span class='ocrx_word' id='word_1_171' title='bbox 1187 3524 1342 3609; x_wconf 89' lang='lat' dir='ltr'><strong>quis</strong></span> <span class='ocrx_word' id='word_1_172' title='bbox 1372 3523 1586 3606; x_wconf 84' lang='lat' dir='ltr'><strong>igitur</strong></span> <span class='ocrx_word' id='word_1_173' title='bbox 1613 3523 1793 3589; x_wconf 90' lang='lat' dir='ltr'><strong>hanc</strong></span> <span class='ocrx_word' id='word_1_174' title='bbox 1818 3530 2125 3588; x_wconf 87' lang='lat' dir='ltr'><strong>nostram</strong></span> <span class='ocrx_word' id='word_1_175' title='bbox 2152 3524 2588 3591; x_wconf 88' lang='lat' dir='ltr'><strong>donationem</strong></span> <span class='ocrx_word' id='word_1_176' title='bbox 2614 3526 2691 3591; x_wconf 90' lang='lat' dir='ltr'><strong>in</strong></span> <span class='ocrx_word' id='word_1_177' title='bbox 2720 3525 2905 3592; x_wconf 86' lang='lat' dir='ltr'><strong>aliud</strong></span> <span class='ocrx_word' id='word_1_178' title='bbox 2934 3546 3141 3612; x_wconf 85' lang='lat' dir='ltr'><strong>quam</strong></span> 
     </span>
     <span class='ocr_line' id='line_1_29' title="bbox 1077 3622 3139 3709; baseline 0.001 -18"><span class='ocrx_word' id='word_1_179' title='bbox 1077 3624 1557 3691; x_wconf 88' lang='lat' dir='ltr'><strong>constituimus</strong></span> <span class='ocrx_word' id='word_1_180' title='bbox 1598 3622 1968 3689; x_wconf 87' lang='lat' dir='ltr'><strong>transferre</strong></span> <span class='ocrx_word' id='word_1_181' title='bbox 2010 3624 2333 3703; x_wconf 89' lang='lat' dir='ltr'><strong>uoluerit,</strong></span> <span class='ocrx_word' id='word_1_182' title='bbox 2374 3626 2687 3709; x_wconf 87' lang='lat' dir='ltr'><strong>priuatus</strong></span> <span class='ocrx_word' id='word_1_183' title='bbox 2720 3646 2765 3692; x_wconf 92' lang='lat' dir='ltr'><strong>a</strong></span> <span class='ocrx_word' id='word_1_184' title='bbox 2796 3628 3139 3694; x_wconf 88' lang='lat' dir='ltr'><strong>consortio</strong></span> 
     </span>
     <span class='ocr_line' id='line_1_30' title="bbox 1077 3723 3139 3801; baseline 0 -10"><span class='ocrx_word' id='word_1_185' title='bbox 1077 3732 1362 3791; x_wconf 87' lang='lat' dir='ltr'><strong>sanctae</strong></span> <span class='ocrx_word' id='word_1_186' title='bbox 1393 3724 1506 3789; x_wconf 87' lang='lat' dir='ltr'><strong>dei</strong></span> <span class='ocrx_word' id='word_1_187' title='bbox 1543 3723 1939 3801; x_wconf 86' lang='lat' dir='ltr'><strong>aecclesiae,</strong></span> <span class='ocrx_word' id='word_1_188' title='bbox 1976 3724 2272 3789; x_wconf 79' lang='lat' dir='ltr'><strong>aeternis</strong></span> <span class='ocrx_word' id='word_1_189' title='bbox 2312 3726 2623 3791; x_wconf 87' lang='lat' dir='ltr'><strong>barathri</strong></span> <span class='ocrx_word' id='word_1_190' title='bbox 2660 3727 2990 3792; x_wconf 84' lang='lat' dir='ltr'><strong>incendiis</strong></span> <span class='ocrx_word' id='word_1_191' title='bbox 3032 3726 3139 3792; x_wconf 89' lang='lat' dir='ltr'><strong>lu-</strong></span> 
     </span>
     <span class='ocr_line' id='line_1_31' title="bbox 1077 3822 3145 3913; baseline 0.002 -24"><span class='ocrx_word' id='word_1_192' title='bbox 1077 3826 1315 3909; x_wconf 88' lang='lat' dir='ltr'><strong>gubris</strong></span> <span class='ocrx_word' id='word_1_193' title='bbox 1381 3824 1634 3907; x_wconf 88' lang='lat' dir='ltr'><strong>iugiter</strong></span> <span class='ocrx_word' id='word_1_194' title='bbox 1683 3840 1841 3888; x_wconf 92' lang='lat' dir='ltr'><strong>cum</strong></span> <span class='ocrx_word' id='word_1_195' title='bbox 1905 3822 2085 3888; x_wconf 91' lang='lat' dir='ltr'><strong>Iuda</strong></span> <span class='ocrx_word' id='word_1_196' title='bbox 2142 3823 2398 3891; x_wconf 86' lang='lat' dir='ltr'><strong>Christi</strong></span> <span class='ocrx_word' id='word_1_197' title='bbox 2456 3826 2801 3909; x_wconf 86' lang='lat' dir='ltr'><strong>proditore</strong></span> <span class='ocrx_word' id='word_1_198' title='bbox 2858 3828 3145 3913; x_wconf 88' lang='lat' dir='ltr'><strong>eiusque</strong></span> 
     </span>
     <span class='ocr_line' id='line_1_32' title="bbox 1075 3924 3145 4008; baseline 0.002 -19"><span class='ocrx_word' id='word_1_199' title='bbox 1075 3924 1514 4008; x_wconf 88' lang='lat' dir='ltr'><strong>complicibus</strong></span> <span class='ocrx_word' id='word_1_200' title='bbox 1547 3924 1897 4007; x_wconf 87' lang='lat' dir='ltr'><strong>puniatur,</strong></span> <span class='ocrx_word' id='word_1_201' title='bbox 1924 3924 1986 3988; x_wconf 89' lang='lat' dir='ltr'><strong>si</strong></span> <span class='ocrx_word' id='word_1_202' title='bbox 2017 3944 2155 3989; x_wconf 89' lang='lat' dir='ltr'><strong>non</strong></span> <span class='ocrx_word' id='word_1_203' title='bbox 2180 3924 2647 3992; x_wconf 80' lang='lat' dir='ltr'><strong>satisfactione</strong></span> <span class='ocrx_word' id='word_1_204' title='bbox 2678 3928 3145 3994; x_wconf 84' lang='lat' dir='ltr'><strong>emendauerit</strong></span> 
     </span>
     <span class='ocr_line' id='line_1_33' title="bbox 1078 4024 3139 4109; baseline 0.002 -20"><span class='ocrx_word' id='word_1_205' title='bbox 1078 4043 1405 4105; x_wconf 87' lang='lat' dir='ltr'><strong>congrua,</strong></span> <span class='ocrx_word' id='word_1_206' title='bbox 1434 4024 1615 4106; x_wconf 90' lang='lat' dir='ltr'><strong>quod</strong></span> <span class='ocrx_word' id='word_1_207' title='bbox 1647 4031 1887 4089; x_wconf 86' lang='lat' dir='ltr'><strong>contra</strong></span> <span class='ocrx_word' id='word_1_208' title='bbox 1912 4031 2217 4089; x_wconf 86' lang='lat' dir='ltr'><strong>nostrum</strong></span> <span class='ocrx_word' id='word_1_209' title='bbox 2248 4025 2532 4109; x_wconf 86' lang='lat' dir='ltr'><strong>deliquit</strong></span> <span class='ocrx_word' id='word_1_210' title='bbox 2562 4027 2923 4092; x_wconf 87' lang='lat' dir='ltr'><strong>decretum.</strong></span> <span class='ocrx_word' id='word_1_211' title='bbox 3002 4028 3139 4093; x_wconf 87' lang='lat' dir='ltr'><strong>His</strong></span> 
     </span>
     <span class='ocr_line' id='line_1_34' title="bbox 1078 4124 3142 4209; baseline 0.003 -22"><span class='ocrx_word' id='word_1_212' title='bbox 1078 4124 1282 4187; x_wconf 88' lang='lat' dir='ltr'><strong>metis</strong></span> <span class='ocrx_word' id='word_1_213' title='bbox 1325 4124 1707 4205; x_wconf 81' lang='lat' dir='ltr'><strong>praefatum</strong></span> <span class='ocrx_word' id='word_1_214' title='bbox 1749 4142 1867 4188; x_wconf 91' lang='lat' dir='ltr'><strong>rus</strong></span> <span class='ocrx_word' id='word_1_215' title='bbox 1900 4124 2244 4189; x_wconf 86' lang='lat' dir='ltr'><strong>hincinde</strong></span> <span class='ocrx_word' id='word_1_216' title='bbox 2273 4132 2583 4209; x_wconf 82' lang='lat' dir='ltr'><strong>gyratur.</strong></span> <span class='ocrx_word' id='word_1_217' title='bbox 2686 4125 2809 4191; x_wconf 79' lang='lat' dir='ltr'><strong>Dis</strong></span> <span class='ocrx_word' id='word_1_218' title='bbox 2852 4128 3005 4193; x_wconf 91' lang='lat' dir='ltr'><strong>sind</strong></span> <span class='ocrx_word' id='word_1_219' title='bbox 3044 4132 3142 4194; x_wconf 53' lang='lat' dir='ltr'><strong>&amp;a</strong></span> 
     </span>
     <span class='ocr_line' id='line_1_35' title="bbox 1079 4210 3143 4311; baseline 0.003 -25"><span class='ocrx_word' id='word_1_220' title='bbox 1079 4210 1542 4303; x_wconf 65' lang='lat' dir='ltr'><strong>landgema‘era</strong></span> <span class='ocrx_word' id='word_1_221' title='bbox 1585 4214 1665 4289; x_wconf 74' lang='lat' dir='ltr'><strong>to‘</strong></span> <span class='ocrx_word' id='word_1_222' title='bbox 1718 4214 2253 4307; x_wconf 77' lang='lat' dir='ltr'><strong>Wasingatfina.</strong></span> <span class='ocrx_word' id='word_1_223' title='bbox 2352 4224 2594 4291; x_wconf 87' lang='lat' dir='ltr'><strong>AErest</strong></span> <span class='ocrx_word' id='word_1_224' title='bbox 2637 4226 2719 4290; x_wconf 87' lang='lat' dir='ltr'><strong>of</strong></span> <span class='ocrx_word' id='word_1_225' title='bbox 2774 4226 3143 4311; x_wconf 88' lang='lat' dir='ltr'><strong>Horninga</strong></span> 
     </span>
     <span class='ocr_line' id='line_1_36' title="bbox 1081 4310 3145 4409; baseline 0.002 -20"><span class='ocrx_word' id='word_1_226' title='bbox 1081 4322 1252 4389; x_wconf 88' lang='lat' dir='ltr'><strong>dene</strong></span> <span class='ocrx_word' id='word_1_227' title='bbox 1281 4310 1360 4385; x_wconf 80' lang='lat' dir='ltr'><strong>t6</strong></span> <span class='ocrx_word' id='word_1_228' title='bbox 1389 4320 2009 4404; x_wconf 84' lang='lat' dir='ltr'><strong>Bennanbeorges;</strong></span> <span class='ocrx_word' id='word_1_229' title='bbox 2056 4328 2197 4389; x_wconf 69' lang='lat' dir='ltr'><strong>’son</strong></span> <span class='ocrx_word' id='word_1_230' title='bbox 2228 4344 2320 4389; x_wconf 90' lang='lat' dir='ltr'><strong>on</strong></span> <span class='ocrx_word' id='word_1_231' title='bbox 2352 4325 2597 4391; x_wconf 85' lang='lat' dir='ltr'><strong>ealdan</strong></span> <span class='ocrx_word' id='word_1_232' title='bbox 2626 4327 2868 4393; x_wconf 88' lang='lat' dir='ltr'><strong>cristes</strong></span> <span class='ocrx_word' id='word_1_233' title='bbox 2906 4327 3145 4409; x_wconf 80' lang='lat' dir='ltr'><strong>maele3</strong></span> 
     </span>
    </p>
   </div>
  </div>
 </body>
</html>
