3552 5764
932 630 1277 680 cussus
1321 628 2006 679 AnonosAxochs.
2397 617 2521 683 151

429 777 755 869 tingtfim
809 787 891 853 of
924 775 1083 853 isam
1138 780 1309 853 tsine
1361 793 1507 853 saet
1546 807 1637 852 on
1680 791 2020 873 prittegan
2065 808 2372 865 aeceran;
2443 792 2524 857 of

424 874 589 952 isam
630 906 881 953 aceran
924 907 1012 952 on
1056 878 1391 970 ricweg03
1446 877 1596 952 swa
1640 888 1837 954 aefter
1877 909 2070 971 wege
2118 889 2255 956 ssaet
2299 892 2510 956 innan

429 986 851 1070 pederedan3
913 975 1062 1053 sw‘a
1110 986 1302 1052 aester
1358 987 1740 1072 pederedan
1789 995 1933 1053 ’δεῖ
1979 989 2188 1055 innan
2246 989 2508 1068 Afene;

430 1075 577 1152 sw‘a
622 1087 817 1153 aester
860 1087 1129 1153 strffime
1170 1091 1317 1152 ’δεῖ
1360 1088 1418 1152 it
1470 1094 1674 1171 cymv
1718 1108 1809 1154 on
1855 1088 2140 1172 pedirid.
2209 1091 2513 1174 -Scripta

427 1186 559 1253 fuit
585 1185 755 1253 haec
782 1188 1051 1254 cartula
1076 1187 1383 1254 decursis
1411 1188 1611 1252 annis
1640 1189 1728 1253 ab
1757 1189 2223 1255 incarnatione
2253 1191 2507 1256 domini

428 1288 645 1352 nostri
677 1288 1038 1371 nongentis
1066 1287 1309 1370 bisque
1336 1288 1535 1365 binis,
1562 1287 1635 1351 in
1668 1307 1874 1352 cursu
1901 1288 2283 1355 millenario
2317 1292 2507 1373 equi-

428 1386 580 1451 dem
620 1388 849 1466 tertio,
878 1387 1249 1452 indictione
1293 1394 1395 1453 .1·.
1438 1386 1545 1453 his
1589 1388 1878 1453 testibus
1917 1407 2274 1454 assensum
2310 1410 2510 1474 prae-

428 1486 741 1551 bentibus
769 1506 1061 1570 quorum
1084 1486 1197 1551 hic
1226 1493 1646 1553 caraxantur
1670 1495 2010 1553 onomata.

534 1587 611 1667 »Β
675 1586 828 1670 Ego
894 1586 1219 1653 AEsselred
1283 1586 1502 1669 regali
1565 1590 1887 1671 prosapia
1947 1594 2262 1673 comptus
2326 1586 2506 1652 hanc

426 1704 615 1751 meae
642 1686 1059 1772 dapsilitatis
1100 1686 1541 1751 donationem
1582 1688 1784 1769 sig-no
1831 1687 2032 1770 agiae
2079 1688 2300 1754 crucis
2341 1707 2503 1752 con-

424 1786 632 1851 firmo.
776 1789 855 1870 *1⁴
924 1788 1078 1871 Ego
1154 1784 1407 1851 AElfric
1483 1785 2036 1870 archiepiscopus
2112 1788 2500 1853 corroboro.

428 1888 507 1969 ›1‹
556 1887 711 1970 Ego
760 1887 1039 1953 Wlstan
1097 1886 1651 1972 archiepiscopus
1708 1887 2077 1955 consolido.
2201 1888 2280 1969 *1⁴
2347 1886 2500 1969 Ego

418 1986 771 2071 Ordbyrht
801 1988 1164 2072 episcopus
1193 1987 1565 2051 consentio.
1651 1989 1730 2070 *1⁴
1760 1985 1914 2069 Ego
1945 1986 2209 2069 Lifincg
2238 1986 2500 2069 episco-

416 2105 547 2169 pus
574 2088 948 2153 conscribo.
1038 2088 1118 2169 *1-
1154 2085 1305 2169 Ego
1335 2083 1555 2150 Asulf
1585 2087 1949 2172 episcopus
1986 2086 2307 2151 concedo.
2407 2088 2486 2169 *1⁴

418 2186 567 2268 Ego
604 2186 831 2253 AElsie
870 2188 1083 2253 abbas
1127 2185 1473 2252 confirmo.
1603 2188 1680 2268 »Β
1720 2187 1876 2270 Ego
1911 2186 2239 2271 Wulfgar
2283 2186 2497 2251 abbas

414 2288 758 2369 consigno.
859 2290 939 2371 ›1-
990 2288 1141 2370 Ego
1196 2286 1465 2352 Leosric
1510 2286 1724 2352 abbas
1778 2286 2108 2353 conforto.
2220 2288 2299 2369 ›1‹
2342 2286 2495 2369 Ego

414 2386 663 2453 AElfric
692 2407 941 2453 comes.

1302 2585 1591 2653 noco.

1065 2734 1592 2815 AEDELRED,
1634 2733 1828 2799 1004.

507 2890 593 2976 »Β
627 2888 721 2953 IN
782 2888 1055 2954 nomine
1116 2884 1373 2951 domini
1436 2892 1507 2950 et
1564 2882 1934 2949 saluatoris
1996 2880 2210 2947 nostri
2276 2880 2487 2948 Ihesu

406 2989 701 3056 Christi!
814 2991 893 3072 *1⁴
952 2987 1105 3070 Ego
1168 2984 1581 3052 AE’Selredus
1641 2983 1751 3047 dei
1813 2983 2044 3065 gratia
2100 2979 2484 3062 Anglorum

404 3089 722 3168 basileus,
766 3088 1045 3154 notifico
1083 3087 1279 3151 uobis
1319 3084 1633 3149 fidelibus
1672 3083 1976 3165 meisque
2012 3081 2272 3159 amicis,
2297 3081 2482 3164 qnod

404 3189 743 3273 AEgelfled
767 3208 921 3254 meo
951 3204 1277 3253 concessu
1308 3185 1481 3249 duas
1508 3184 1594 3248 de
1623 3182 2053 3266 possessione
2081 3199 2211 3244 sua
2239 3188 2482 3260 terras,

402 3290 529 3355 deo
576 3290 667 3354 ad
722 3289 995 3354 laudem
1046 3287 1315 3370 sibique
1372 3290 1532 3368 post
1589 3282 1966 3348 discessum
2021 3281 2106 3345 ad
2164 3281 2480 3360 salutem,

400 3390 794 3456 beatissimo
831 3396 1040 3472 atque
1078 3385 1345 3452 doctori
1391 3383 1697 3467 gentium
1735 3381 1960 3447 Paulo
1999 3382 2282 3464 eiusque
2323 3400 2478 3446 aec·

400 3490 647 3556 clesiae
714 3489 1041 3555 fratribus
1116 3487 1227 3552 die
1312 3491 1655 3566 noctuque
1730 3481 2246 3559 famulantibus,
2321 3501 2473 3546 cum

396 3609 663 3656 summa
702 3590 1064 3656 deuotione
1106 3585 1380 3664 obtulit,
1421 3603 1707 3668 quarum
1753 3582 1924 3648 haec
1969 3588 2132 3646 sunt
2173 3582 2473 3660 nomina,

400 3689 735 3774 Lagefare
780 3708 935 3754 cum
980 3694 1281 3773 quatuor
1324 3685 1603 3762 mansis,
1648 3690 1718 3748 et
1778 3680 2270 3749 Cochamstede
2317 3700 2472 3746 cum

394 3789 659 3856 duabus
716 3789 995 3854 mansis.
1084 3787 1292 3852 Hanc
1352 3805 1518 3850 uero
1576 3783 2013 3848 donationem
2069 3788 2470 3864 perpetuam

392 3909 541 3956 esse
568 3889 1051 3964 concessimus,
1086 3895 1156 3953 et
1186 3887 1249 3951 si
1275 3885 1527 3969 aliquis
1557 3903 1709 3949 eam
1748 3883 1821 3946 in
1854 3881 2039 3946 aliud
2071 3899 2278 3964 quam
2305 3899 2466 3946 con-

393 3991 741 4056 stituimus
774 3988 1145 4056 transferre
1182 3985 1503 4064 uoluerit,
1546 4003 1703 4048 cum
1744 3981 1925 4048 Iuda
1960 3982 2078 4064 qui
2120 3980 2464 4046 dominum

394 4091 676 4156 tradidit
704 4109 961 4174 poenas
999 4088 1171 4165 luat,
1204 4094 1276 4151 et
1314 4086 1471 4150 iude
1514 4101 1948 4167 nequaquam
1992 4081 2214 4165 possit
2256 4081 2465 4146 eximi

392 4189 519 4255 nisi
570 4191 661 4256 ad
714 4188 1249 4256 satisfactionem
1304 4185 1588 4252 uenerit.
1692 4182 1926 4248 Huius
1975 4192 2204 4247 autem
2254 4180 2490 4250 dona».

390 4291 591 4356 tionis
622 4298 786 4356 sunt
816 4297 1029 4356 testes
1061 4289 1177 4354 isti
1205 4287 1450 4353 idonei.

484 4389 910 4473 AEgelnobus
958 4389 1377 4456 cantuariae
1416 4385 1990 4469 archiepiscopus,
2030 4380 2464 4448 Wolsstanus
