3552 5764
999 581 1085 647 18
1511 600 1852 650 casuras
1895 600 2130 648 ANGLO
2142 599 2579 650 SAxochs.

1009 763 1312 838 gentum,
1357 757 1469 820 uel
1519 756 2065 840 qualemcunque
2112 756 2409 839 speciem
2462 754 2713 821 ibidem
2760 754 3085 820 collatam

1011 857 1271 938 eripere
1317 858 1825 939 temptauerint,
1854 857 1966 921 uel
1998 856 2171 921 alios
2211 856 2297 919 de
2348 855 2549 920 rebus
2590 855 2776 920 illius
2820 855 3085 920 aeccle-

1011 957 1158 1022 siae
1191 955 1795 1036 haereditauerint‚
1828 955 2289 1040 fratribusque
2320 956 2621 1020 eiusdem
2648 953 2781 1020 loci
2812 956 2953 1018 uim
2978 954 3082 1018 in·

1011 1054 1189 1121 ferre
1232 1058 1836 1140 praesumpserint,
1876 1055 1990 1121 uel
2034 1075 2151 1122 eos
2204 1055 2456 1120 iniuste
2496 1054 3081 1131 contristauerint,

1017 1175 1283 1221 necnon
1321 1163 1391 1220 et
1433 1156 1610 1220 hanc
1641 1153 1987 1221 scedulam
2024 1155 2463 1237 cartulasque
2495 1174 2729 1237 regum
2764 1154 2878 1218 uel
2912 1153 3087 1218 alio-

1015 1275 1166 1320 rum
1200 1255 1500 1320 fidelium
1535 1255 1624 1320 ad
1660 1255 2117 1320 defensionem
2158 1262 2231 1320 et
2274 1255 2629 1319 tuitionem
2670 1253 2805 1320 loci
2830 1252 3081 1319 ibidem

1016 1354 1184 1421 data
1225 1356 1491 1420 auferre
1524 1374 1646 1419 seu
1683 1362 1989 1420 euertere
2036 1353 2444 1432 studuerint,
2469 1354 2745 1438 ignibus
2787 1355 3085 1418 aeternis

1016 1456 1430 1520 cruciatibus
1461 1456 1810 1538 perpetuis
1852 1454 2009 1519 illos
2054 1454 2321 1530 damus,
2366 1453 2832 1520 maledicimus
2876 1460 3086 1535 atque

1021 1554 1710 1633 excommunicamus,
1731 1562 1967 1638 portas
1988 1553 2160 1618 coeli
2180 1554 2278 1618 eis
2300 1553 2705 1632 claudimus,
2726 1559 2797 1618 et
2816 1552 3087 1618 delean·

1019 1661 1135 1720 tur
1178 1656 1452 1720 nomina
1496 1675 1732 1721 eorum
1779 1655 1865 1720 de
1902 1654 2077 1718 libro
2120 1655 2331 1730 uitae,
2373 1653 2599 1736 sitque
2641 1672 2803 1737 pars
2850 1672 3085 1718 eorum

1019 1774 1174 1820 cum
1212 1754 1390 1820 Iuda
1431 1755 1686 1821 domini
1732 1753 2085 1832 traditore,
2133 1754 2267 1818 nisi
2308 1754 2714 1835 resipiscant
2754 1747 2827 1818 et
2866 1753 3087 1818 tribus

1021 1855 1222 1920 annis
1254 1875 1298 1920 a
1327 1856 1797 1920 communione
1834 1854 2119 1919 fratrum
2162 1854 2573 1936 sequestrati
2606 1853 3086 1937 poenitentiam

1021 1962 1252 2036 agant.
1364 1956 1443 2036 ›1‹
1505 1954 1657 2036 Ego
1703 1954 2067 2019 Oswoldus
2112 1953 2410 2018 Eborum
2454 1953 2823 2018 aecclesiae
2868 1953 3088 2018 archi-

1021 2055 1384 2137 episcopus
1413 2053 1612 2140 buius
1646 2053 2150 2118 munificentiae
2182 2059 2697 2118 conseruatores
2729 2051 3087 2131 benedixi3

1021 2153 1555 2218 contradictores
1585 2172 1749 2217 uero
1785 2161 2113 2235 perpetuo
2144 2151 2513 2236 dampnaui
2560 2151 2819 2229 dicenS,
2853 2151 3083 2218 Effun-

1021 2252 1488 2317 dat.dominus
1521 2272 1727 2336 super
1763 2271 1882 2316 eos
1926 2254 2099 2316 iram
2144 2271 2365 2330 suam,
2400 2259 2469 2318 et
2506 2251 2694 2316 furor
2735 2253 2880 2317 irae
2920 2271 3087 2317 suae

1021 2352 1552 2435 comprehendat
1585 2372 1722 2418 eos.
1836 2354 1915 2434 ›1‹
1956 2353 2105 2433 Ego
2138 2351 2524 2418 AElfstanus
2560 2351 2904 2418 Roffensis
2935 2371 3089 2417 aec-

1023 2451 1273 2518 clesiae
1313 2452 1674 2536 episcopus
1721 2451 1897 2516 hanc
1939 2450 2323 2516 libertatem
2368 2459 2889 2534 augmentantes
2943 2453 3091 2534 regi

1017 2571 1264 2634 regum
1299 2551 1794 2629 commendaui,
1851 2551 2307 2616 destructores
2362 2560 2589 2620 autem
2650 2553 2750 2617 sic
2805 2551 3089 2617 dicendo

1020 2652 1373 2729 maledixi,
1404 2651 1660 2718 Ueniat
1687 2671 1870 2716 mors
1904 2671 2109 2734 super
2138 2651 2318 2729 illos,
2344 2658 2415 2717 et
2443 2651 2861 2717 descendant
2886 2652 2959 2714 in
2985 2652 3091 2715 in-

1025 2751 1245 2817 ferum
1293 2753 1630 2817 uiuentes.
1740 2752 1820 2835 ›1‹
1867 2751 2019 2835 Ego
2048 2750 2367 2832 AElfagus
2397 2749 2893 2818 wintoniensis
2936 2771 3091 2816 aec-

1020 2851 1274 2917 clesiae
1317 2853 1679 2936 episcopus
1721 2851 1907 2917 illius
1952 2851 2087 2919 loci
2128 2850 2534 2917 adauctores
2570 2849 2777 2923 Ihesu
2812 2850 3089 2919 Christo

1028 2952 1454 3034 consignaui,
1482 2953 1841 3018 inuaseres
1886 2971 2127 3035 nempe
2166 2954 2459 3018 aeternis
2503 2953 2915 3019 cruciatibus
2954 2960 3095 3017 tra-

1026 3050 1192 3129 didi,
1238 3052 1492 3130 dicens,
1537 3052 1700 3117 Non
1745 3052 1838 3116 sit
1880 3052 2017 3117 illis
2059 3072 2224 3135 pax,
2254 3071 2392 3121 non
2436 3052 2921 3129 misericordia,
2954 3072 3091 3118 non

1026 3152 1271 3234 pietas,
1329 3151 1448 3217 sed
1509 3158 1731 3217 terror
1793 3152 2231 3228 infernorum,
2282 3150 2651 3217 crudelitas
2694 3170 3094 3235 poenarum,

1025 3252 1344 3335 impietas
1409 3254 1855 3317 cruciatuum.
1993 3253 2072 3333 ›1‹
2152 3252 2302 3333 Ego
2363 3251 2675 3317 Escwine
2732 3252 3095 3336 episcopus

1032 3351 1444 3416 Dorecensis
1471 3352 1842 3416 aecclesiae
1890 3350 2020 3417 hoc
2060 3350 2301 3427 adieci,
2332 3351 2759 3417 Erubescant
2788 3353 3093 3417 destruc-

1032 3459 1214 3515 tores
1243 3452 1620 3533 praesentis
1654 3449 1789 3515 loci
1822 3457 1892 3515 et
1924 3452 2411 3516 conturbentur
2446 3451 2519 3515 in
2562 3452 2911 3517 saeculum
2942 3471 3097 3517 sae-

1032 3550 1171 3615 culi
1197 3558 1268 3615 et
1295 3549 1797 3615 confundantur
1820 3555 1892 3614 et
1916 3557 2236 3633 pereant3
2272 3551 2737 3617 benefactores
2766 3560 2997 3619 autem
3022 3553 3097 3618 in

1034 3658 1382 3715 aeternnm
1434 3650 1694 3715 uiuant.
1827 3651 1906 3731 ›1‹
1967 3650 2116 3731 Ego
2178 3650 2507 3715 AEtsulfus
2556 3652 2831 3735 praesul
2882 3650 3099 3717 Here-

1033 3749 1367 3816 fordensis
1425 3748 1799 3815 aecclesiae
1858 3750 1988 3815 boc
2040 3749 2219 3815 idem
2268 3748 2399 3815 hoc
2456 3750 2689 3815 dicens
2744 3749 3100 3830 affirmaui,

1039 3849 1398 3917 Maledicti
1419 3850 1558 3916 sint
1589 3856 1901 3932 raptores
1922 3849 2108 3915 illius
2140 3859 2424 3916 sanctae
2451 3851 2823 3916 aecclesiae
2854 3852 2923 3917 in
2959 3872 3102 3917 om-

1035 3949 1236 4015 nibus
1265 3950 1583 4032 operibus
1610 3950 1780 4027 suiS,
1806 3950 1975 4015 etin
2002 3948 2315 4015 omnibus
2344 3950 2477 4015 uiis
2504 3952 2673 4027 suis,
2699 3952 2868 4015 etin
2895 3972 3101 4019 cunc·

1035 4048 1128 4113 tis
1157 4049 1746 4115 adiuuentionibus
1769 4048 1915 4115 suis
1936 4051 2209 4132 prauis;
2245 4050 2711 4117 benefactores
2736 4070 2903 4116 uero
2928 4052 3101 4119 adeo

1037 4148 1540 4213 benedicantur.
1653 4152 1734 4232 ›1‹
1780 4149 1930 4231 Ego
1965 4150 2361 4215 AEvelsinus
2404 4150 2764 4233 episcopus
2808 4150 3106 4217 Scbires-

1013 4247 1398 4315 ‚burnensis
1448 4249 1817 4315 aecclesiae
1862 4249 2258 4333 supradicta
2297 4250 2397 4315 sic
2440 4250 2766 4328 conclusi,
2801 4249 3109 4330 Quicun-

1037 4367 1172 4432 que
1211 4346 1488 4413 inferior
1521 4348 1633 4414 uel
1666 4348 2021 4413 sublimior
2064 4358 2303 4414 contra
2346 4350 2524 4419 hunc
2569 4350 2869 4417 libellum
2915 4354 3109 4434 quic-
