3552 5764
912 624 1255 675 cusai-An
1306 628 1986 689 AnonosAxochn.
2360 617 2490 683 1¹75

394 778 761 862 benignam
806 801 1014 865 quam
1058 783 1223 851 mihi
1266 786 1617 869 praefatus
1664 788 1844 851 abba
1887 787 2180 853 fideliter
2221 798 2294 856 et
2325 810 2485 873 gra-

395 886 627 945 tanter
699 882 1027 950 exhibere
1102 885 1281 951 solet
1358 886 1840 953 obedientiam.
1975 887 2135 955 Hoc
2211 910 2486 975 quoque

395 978 775 1047 uoluntatis
827 1004 1021 1049 meae
1054 986 1453 1051 beneficium
1503 986 1735 1071 palam
1793 990 2058 1053 cunctis
2109 989 2485 1068 innotesco,

394 1079 580 1162 quod
642 1084 1033 1149 earumdem
1095 1086 1607 1168 possessionum
1664 1096 1887 1152 terras
1938 1088 2009 1151 in
2073 1108 2485 1174 unaquaque

396 1180 509 1243 cui
554 1180 871 1247 adiacent
899 1185 1253 1267 prouincia
1284 1204 1439 1251 cum
1484 1187 1800 1252 omnibus
1837 1186 1926 1251 ad
1972 1207 2048 1253 se
2087 1190 2487 1272 pertinenti-

399 1279 529 1343 bus
558 1282 707 1345 siue
735 1283 808 1345 in
835 1284 1266 1367 praediorum
1302 1286 1711 1369 municipiis,
1744 1288 1894 1351 siue
1922 1287 1993 1351 in
2027 1289 2310 1367 tributo,
2341 1290 2488 1355 siue

398 1380 470 1442 in
518 1378 847 1461 thelonio,
886 1382 1037 1448 siue
1068 1386 1140 1449 in
1173 1404 1601 1468 quocumque
1646 1386 1927 1468 negotio
1970 1388 2151 1471 quod
2197 1390 2269 1452 in
2317 1409 2484 1454 uno-

403 1498 677 1563 quoque
720 1501 879 1546 rure
917 1482 1191 1549 diuerso
1232 1485 1435 1550 modo
1476 1485 1656 1551 solet
1692 1486 1904 1569 exigi,
1935 1486 2140 1570 plena
2172 1487 2488 1554 libertate

399 1580 487 1643 ab
518 1580 706 1645 omni
739 1589 1049 1649 terrenae
1092 1585 1445 1651 seruitutis
1490 1584 1657 1668 iugo
1689 1585 1942 1651 liberas
1975 1606 2128 1651 esse
2161 1588 2486 1666 concedo,

400 1681 971 1762 quemadmodum
1036 1691 1232 1767 pater
1294 1704 1486 1749 meus
1546 1687 2256 1768 supranominatamm
2328 1708 2485 1771 por-

402 1780 659 1844 tionem
693 1788 1034 1847 terrarum
1072 1784 1161 1847 ab
1192 1785 1519 1849 uniuersa
1550 1785 2051 1850 mundanarum
2083 1806 2311 1851 rerum
2341 1808 2485 1853 ser-

400 1880 619 1945 uitute
682 1881 933 1947 liberas
994 1901 1147 1948 esse
1214 1885 1577 1963 concessit,
1641 1886 1952 1968 exceptis
2019 1887 2263 1964 tribus,
2331 1896 2486 1954 rata

401 1978 722 2046 uidelicet
800 1982 1257 2066 expeditione,
1332 1986 1565 2068 pontis
1634 1984 1902 2049 arcisue
1967 1987 2484 2053 restauratione.

402 2078 589 2144 Illud
633 2082 837 2147 etiam
886 2102 1040 2147 cum
1084 2090 1367 2149 sanctae
1416 2084 1747 2150 trinitatis
1791 2091 1862 2149 et
1899 2085 2293 2153 indiuiduae
2336 2089 2488 2153 uni-

402 2179 569 2244 tatis
624 2188 697 2246 et
746 2182 992 2247 beatae
1055 2182 1325 2249 Mariae
1383 2204 1653 2268 semper
1719 2185 2009 2267 uirginis
2071 2188 2485 2253 auctoritate

400 2280 778 2365 praecipio,
826 2290 904 2347 ut
953 2282 1183 2347 nullus
1230 2283 1577 2349 hominum
1618 2292 2016 2367 praesumat
2059 2285 2234 2352 hanc
2271 2288 2486 2352 dona·

404 2378 655 2445 tionem
688 2382 1048 2448 occasione
1076 2383 1384 2464 qualibet
1416 2383 1781 2449 immutare
1807 2404 1932 2449 nec
1953 2386 2278 2451 territorii
2300 2387 2488 2453 codi-

402 2497 553 2544 cem
582 2480 695 2545 uel
722 2481 1117 2566 cirographi
1138 2481 1469 2549 dictatum
1498 2491 1741 2551 contra
1767 2504 1962 2549 meae
1985 2486 2488 2553 munificentiae

402 2580 666 2663 scripta
700 2582 775 2645 in
817 2582 1112 2647 medium
1159 2583 1484 2667 proferre,
1514 2584 1635 2649 sed
1673 2585 2000 2649 uniuersa
2039 2584 2161 2649 illa
2203 2587 2490 2671 antiqua

404 2681 775 2759 territoria,
810 2682 1208 2766 supradicto
1240 2684 1565 2767 exigente
1606 2692 1828 2763 reatu,
1857 2704 2126 2767 semper
2154 2686 2228 2750 in
2259 2694 2492 2769 poste-

404 2799 556 2843 rum
600 2800 726 2863 pro
769 2782 1023 2847 nichilo
1070 2791 1571 2867 computentur,
1610 2790 1682 2848 et
1709 2782 1798 2847 ad
1847 2783 2172 2850 nichilum
2211 2785 2490 2851 redacta

404 2882 707 2946 omnium
750 2884 975 2966 sputis
1014 2882 1318 2949 obnoxia
1359 2882 1874 2962 conculcentur,
1917 2891 1988 2949 et
2031 2884 2235 2950 huius
2278 2888 2492 2968 priui-

402 2981 567 3063 legii
592 2982 871 3048 decreta
896 2983 1128 3048 stabili
1151 2991 1221 3049 et
1245 2983 1653 3049 inconcussa
1682 2982 2034 3048 soliditate
2059 2984 2486 3051 roborentur.

406 3079 481 3146 si
529 3083 687 3163 quis
730 3089 987 3162 autem,
1028 3083 1403 3166 instigante
1440 3083 1739 3160 diabolo,
1772 3082 1944 3147 haec
1987 3084 2304 3149 consulta
2345 3093 2488 3150 tam

408 3199 561 3246 mea
590 3200 795 3266 quam
830 3183 1066 3248 diuina
1096 3185 1509 3249 auctoritate
1540 3183 1984 3248 corroborata
2009 3183 2271 3248 uiolare
2299 3203 2490 3268 prae-

402 3283 795 3364 sumpserit,
820 3285 971 3349 siue
994 3302 1187 3348 meus
1212 3283 1305 3347 sit
1330 3283 1533 3358 filius,
1558 3281 1707 3346 siue
1729 3282 1900 3359 dux,
1926 3282 2074 3347 siue
2102 3283 2490 3370 episcopus,

406 3381 555 3447 siue
588 3383 925 3461 minister,
954 3391 1076 3448 aut
1106 3383 1594 3466 cuiuscumque
1610 3381 1970 3468 dignitatis
1991 3383 2323 3460 extiterit,
2349 3404 2490 3450 om-

408 3481 731 3564 nipotens
758 3481 927 3548 deus
960 3491 1335 3565 sanctaque
1366 3483 1513 3548 eius
1542 3481 1844 3565 genitrix
1864 3502 2264 3568 semperque
2293 3485 2492 3567 uirgo

410 3581 666 3659 Maria,
698 3590 773 3646 et
798 3585 1019 3648 omnis
1052 3601 1501 3667 supernorum
1536 3592 1780 3649 sancta
1811 3583 2034 3648 uirtus
2067 3585 2491 3650 exercituum

408 3682 839 3748 maiestatem
871 3683 1173 3749 diuinam
1208 3683 1591 3749 incessabili
1624 3703 1799 3748 uoce
1823 3682 2277 3760 laudantium,
2311 3683 2490 3750 bunc

408 3781 481 3844 in
514 3781 667 3846 uita
708 3783 846 3847 ista
887 3783 1240 3867 despiciat,
1270 3790 1343 3848 et
1383 3783 1781 3866 despectum
1821 3783 1894 3848 in
1939 3782 2173 3848 futuro
2216 3785 2495 3850 saeculo

404 3881 555 3945 sine
610 3880 750 3947 fine
803 3882 1153 3968 disperdat
1202 3882 1419 3962 illum,
1472 3883 1603 3946 nisi
1659 3901 1967 3964 congrua
2026 3883 2494 3950 satisfactione

408 3989 571 4046 ante
628 3983 889 4048 exitum
948 4003 1146 4048 suum
1212 3982 1679 4048 emendauerit
1738 3981 1922 4066 quod
1987 3990 2229 4048 contra
2291 3984 2493 4050 deum

410 4089 859 4165 sanctamque
898 4082 1198 4149 Mariam
1240 4083 1551 4166 deliquit.
1651 4081 1897 4148 Amen.
2003 4080 2236 4148 Huius
2279 4085 2492 4168 priui-

412 4180 577 4264 legii
628 4180 996 4267 descriptio
1049 4183 1301 4266 iugiter
1354 4183 1425 4247 in
1475 4181 1995 4267 praenominato
2053 4192 2499 4251 conseruetur

412 4283 825 4347 monasterio
858 4291 939 4348 ut
970 4283 1064 4349 sit
1095 4283 1377 4348 libertas
1410 4290 1703 4348 externa
1746 4281 2072 4348 librorum
2105 4281 2194 4349 ad
2225 4285 2498 4350 uniuer-

416 4399 531 4446 sas
573 4381 1120 4464 supradictarum
1166 4383 1636 4466 possessiones
1678 4390 2016 4448 terrarum
2062 4403 2236 4466 quas
2281 4384 2498 4450 omni·
