3552 5764
1031 623 1120 690 96
1567 641 1910 691 cmm-Au
1953 639 2191 689 Aucno
2204 639 2639 688 ssxomcsn.

1041 800 1121 880 >1⁴
1161 797 1312 882 Ego
1359 797 1574 864 Osuls
1605 802 1969 884 episcopus
2018 796 2457 863 consolidaui.
2560 795 2640 875 >1⁴
2686 791 2839 874 Ego
2878 790 3100 874 Wyn·

1034 900 1182 981 sige
1213 899 1574 982 episcopus
1617 899 1961 976 roboraui‚
1992 907 2123 964 etc.

1775 1191 2352 1259 Mccnxvm.

1755 1313 2192 1422 Banasa,
2246 1343 2399 1406 970.

1147 1491 1225 1572 ιιι
1271 1487 1360 1554 IN
1395 1488 1664 1553 nomine
1696 1488 1953 1554 domini
1996 1489 2211 1553 nostri
2262 1488 2471 1554 Ihesu
2503 1487 2798 1553 Christi!
2901 1484 3104 1551 Anno

1036 1589 1409 1653 dominicae
1447 1589 1935 1654 incarnationis
1969 1604 2420 1654 .ncccc.1.xx.
2450 1608 2580 1671 ego
2620 1588 2922 1670 Eadgar‚
2957 1605 3103 1650 om-

1037 1688 1403 1753 nicreantis
1467 1688 1868 1774 disponente
1924 1687 2287 1752 clementia
2342 1686 2885 1771 Angligenarum
2958 1705 3108 1761 rex,

1039 1789 1273 1853 diuino
1306 1788 1554 1853 ductus
1595 1807 1829 1852 amore
1874 1789 1963 1852 ab
1995 1788 2233 1852 eodem
2266 1788 2393 1852 deo
2438 1795 2507 1852 et
2553 1788 2829 1852 domino
2872 1791 3107 1851 nostro

1038 1889 1310 1971 populis
1369 1895 1440 1952 et
1493 1888 1806 1953 tribubus
1852 1887 2375 1971 praeordinatus
2429 1887 2500 1951 in
2540 1906 2797 1969 regem,
2840 1883 3108 1950 cuidam

1039 2007 1192 2052 meo
1255 1986 1436 2051 fideli
1497 1988 1789 2052 diacono
1860 1987 2163 2052 uocitato
2231 1987 2500 2051 nomine
2561 1985 2890 2051 Brihteah
2956 2000 3106 2049 ΝΠ.

1040 2105 1313 2151 mansas
1356 2086 1794 2150 aeternaliter
1839 2085 2161 2164 concedo,
2191 2085 2333 2150 illic
2375 2087 2491 2150 ubi
2534 2084 2835 2169 Aug-lica
2876 2083 3111 2168 appel-

1039 2183 1295 2251 latione
1345 2184 1594 2250 dicitur
1645 2184 2045 2266 Cingestun,
2088 2195 2168 2249 ut
2218 2184 2467 2250 babeat
2516 2193 2723 2269 atque
2765 2182 3113 2268 possideat

1040 2285 1366 2368 quamdiu
1435 2283 1668 2348 uitalis
1735 2283 1943 2349 flatus
2014 2303 2260 2368 corpus
2326 2285 2574 2350 aluerit
2646 2285 2872 2358 illius;
2950 2302 3104 2347 cum

1041 2391 1270 2448 autem
1328 2401 1495 2448 suae
1547 2383 2012 2448 dissolutionis
2062 2383 2415 2449 aduenerit
2474 2384 2644 2461 dies,
2706 2385 3111 2466 cuicumque

1037 2483 1336 2548 uoluerit
1364 2482 1638 2548 haeredi
1667 2483 2097 2566 derelinquat
2126 2483 2197 2546 in
2227 2491 2571 2548 aeternam
2598 2483 3108 2548 haereditatem.

1043 2582 1329 2647 Maneat
1389 2581 1603 2665 igitur
1659 2603 1884 2648 meum
1947 2583 2079 2648 hoc
2140 2583 2459 2648 inmobile
2517 2584 2771 2648 donum
2830 2589 3113 2648 aeterna

1039 2681 1357 2747 libertate
1387 2681 1775 2759 iocundum,
1806 2701 1960 2747 cum
1997 2682 2328 2747 uniuersis
2358 2701 2535 2766 quae
2568 2682 2911 2768 pertinent
2954 2681 3111 2758 sibi,

1041 2782 1326 2865 campis,
1385 2783 1684 2864 pascuis,
1749 2782 1993 2864 pratis,
2056 2780 2206 2845 sine
2264 2782 2697 2865 expeditione
2757 2790 2826 2847 et
2882 2781 3113 2865 pontis

1041 2881 1301 2948 arcisue
1360 2881 1872 2949 instauratione.
1974 2881 2048 2947 Si
2103 2881 2255 2965 quis
2310 2902 2476 2948 uero
2530 2881 2877 2947 bominum
2932 2881 3113 2947 banc

1040 3001 1264 3046 meam
1295 2982 1728 3047 donationem
1761 3002 1915 3047 cum
1957 2980 2293 3047 stultitiae
2323 2983 2707 3048 temeritate
2732 2979 3110 3048 iactitando

1041 3081 1409 3164 infringere
1451 3082 1839 3159 certauerit,
1888 3083 1981 3147 sit
2037 3082 2185 3166 ipse
2224 3081 2550 3165 grauibus
2602 3101 2723 3165 per
2754 3080 2937 3147 colla
2988 3078 3111 3144 de-

1044 3200 1319 3263 pressus
1390 3182 1650 3246 catenis
1725 3182 1908 3247 inter
1980 3179 2475 3245 flammiuomas
2552 3188 2879 3247 tetrorum
2952 3178 3116 3244 dae-

1047 3300 1320 3345 monum
1387 3288 1724 3359 cateruas,
1792 3282 1925 3347 nisi
1987 3281 2177 3364 prius
2241 3281 2353 3345 hic
2424 3279 2509 3344 ad
2576 3278 3111 3345 satisfactionem

1042 3381 1272 3445 uenire
1305 3378 1618 3445 uoluerit.

1154 3481 1231 3562 ›1‹
1297 3478 1448 3561 Ego
1507 3478 1782 3559 Eadgar
1846 3498 1968 3543 rex
2024 3476 2405 3560 Aug-lorum
2464 3479 2842 3562 praefatam
2900 3479 3115 3543 dona-

1045 3578 1300 3643 tionem
1353 3577 1680 3642 concessi.
1825 3579 1903 3660 ιιι
1964 3578 2117 3660 Ego
2177 3577 2500 3643 Dunstan
2567 3576 3115 3663 archiepiscopus

1043 3698 1201 3743 cum
1237 3678 1437 3759 signo
1481 3682 1756 3741 sanctae
1803 3677 2023 3742 crucis
2064 3677 2406 3741 roboraui.
2516 3679 2593 3760 ›1‹
2634 3678 2786 3760 Ego
2828 3676 3113 3743 Oscutel

1049 3775 1596 3860 archiepiscopus
1629 3775 1929 3857 sigillum
1960 3777 2159 3858 agiae
2188 3778 2407 3841 crucis
2439 3778 2771 3860 impressi.
2852 3778 2930 3859 *1⁴
2959 3776 3112 3858 Ego

1045 3876 1460 3941 AEsseluuold
1523 3878 1882 3961 episcopus
1940 3877 2362 3959 consignaui.
2468 3877 2545 3958 ›1‹
2603 3875 2753 3958 Ego
2800 3876 3109 3941 AElfstan

1046 3976 1404 4060 episcopus
1434 3976 1772 4060 adquieui.
1866 3978 1943 4059 ›1‹
1976 3975 2127 4058 Ego
2156 3974 2367 4041 Osulf
2378 3978 2739 4060 episcopus
2773 3976 3109 4041 consensi.

1059 4076 1136 4157 ›1‹
1167 4074 1317 4158 Ego
1352 4075 1709 4141 AElfuuold
1741 4076 2105 4159 episcopus
2136 4075 2459 4141 conclusi.
2555 4078 2632 4159 ›1‹
2670 4075 2820 4158 Ego
2850 4075 3113 4139 AElfere

1045 4175 1210 4239 dux.
1310 4176 1387 4257 ›1‹
1419 4174 1569 4258 Ego
1604 4174 1881 4241 AElfeah
1915 4175 2080 4240 dux.
2194 4176 2271 4257 ›1‹
2312 4175 2461 4258 Ego
2500 4175 2911 4241 AEsseluuine
2941 4175 3107 4238 dux.

1054 4272 1141 4358 ›1‹
1168 4272 1318 4354 Ego
1354 4271 1561 4338 Oslac
1602 4276 1766 4339 dux.
1879 4277 1959 4357 ›1‹
1998 4274 2149 4357 Ego
2188 4275 2524 4341 Bribtnov
2564 4276 2729 4341 dux.
2836 4275 2921 4360 »Β
2958 4274 3109 4356 Ego

1050 4373 1385 4453 AEscuuig
1414 4374 1647 4439 abbas,
1758 4374 1837 4455 *1⁴
1870 4374 2020 4455 Ego
2051 4374 2279 4457 Osgar
2308 4376 2539 4441 abbas.
2651 4376 2729 4457 *1⁴
2762 4374 2914 4457 Ego
2939 4374 3111 4439 AElf-
