3552 5764
980 589 1112 655 206
1492 606 1837 655 omaus
1885 604 2576 655 Auczosnxomcu.

984 764 1175 831 nesre
1232 756 1324 829 ne
1382 765 1641 832 schulle
1696 756 1818 831 ‘ani
1880 784 2042 831 man
2099 764 2386 831 wenden
2452 754 2528 831 to'
2589 755 2792 832 &soro
2848 756 3054 831 hodes

984 884 1256 943 manne,
1313 858 1531 930 biiten
1595 866 1681 930 he
1744 864 1966 931 wolde
2025 855 2160 929 bc‘n
2221 853 2536 929 ‘aschirod
2593 864 2767 930 from
2828 863 3056 931 Godos

985 986 1231 1031 manne
1261 966 1398 1030 and
1442 966 1574 1029 alle
1604 966 1752 1029 hise
1779 955 2092 1047 hfilegen.
2183 962 2344 1029 And
2391 965 2456 1029 ic
2489 984 2580 1029 an
2602 953 2746 1030 ’δίη
2770 954 3056 1046 Ιιὲἰοςοιι

985 1063 1198 1148 kinge
1220 1070 1348 1131 >sat
1374 1065 1538 1130 land
1560 1074 1636 1131 at
1661 1064 2081 1131 Mildenhale
2103 1064 2242 1129 mid
2269 1072 2450 1131 mete
2479 1064 2614 1128 and
2645 1065 2784 1129 mid
2813 1082 3059 1129 manne

987 1166 1123 1229 and
1170 1165 1308 1230 mid
1362 1156 1584 1231 s‘o‘kne
1630 1156 1714 1231 εδ
1758 1166 1818 1231 it
1849 1186 1959 1233 me
1987 1185 2079 1231 on
2117 1164 2346 1231 hande
2381 1155 2563 1241 sto'd,
2591 1165 2730 1230 and
2759 1164 2842 1230 Se
2892 1164 3061 1229 half-

985 1266 1281 1348 nigende
1302 1266 1686 1330 hundredes
1716 1256 1938 1331 s6kne
1965 1255 2113 1330 int6
2141 1262 2550 1346 Dinghowe.
2637 1262 2801 1329 And
2833 1266 2899 1330 ic
2929 1264 3060 1328 han

984 1364 1139 1429 hem
1176 1366 1247 1431 al
1280 1366 1443 1430 here
1474 1358 1643 1431 tfine
1678 1356 1939 1431 sokene
1971 1367 2054 1431 of
2076 1364 2235 1430 hale
2276 1364 2440 1429 here
2487 1363 2690 1429 londe
2719 1372 2810 1431 ise
2843 1364 2930 1431 he
2963 1356 3058 1429 nii

985 1464 1245 1530 habbeii
1295 1456 1457 1531 o‘sser
1488 1467 1634 1549 giet
1666 1466 1926 1549 big-iten
1971 1464 2282 1530 schullen
2325 1485 2418 1530 on
2463 1463 2700 1530 Godcs
2741 1473 2888 1532 este
2929 1464 3060 1531 and

982 1586 1071 1631 ou
1100 1558 1325 1632 mines
1352 1586 1443 1632 an
1470 1565 1607 1631 alle
1637 1565 1884 1632 folkes.
1915 1564 2078 1631 God
2105 1566 2261 1631 how
2296 1564 2562 1632 healde.

1716 1864 2313 1932 MCCCXLVII.

1511 2012 1882 2080 BISHOP
1930 2011 2546 2080 AEDELWOLD.

1090 2169 1169 2249 ›1‹
1215 2166 1307 2231 In
1340 2167 1471 2232 hac
1504 2163 1778 2231 cartula
1809 2163 2202 2229 declaratur
2251 2164 2552 2248 qualiter
2600 2160 3062 2231 AEiielwoldus

981 2266 1344 2350 episcopus
1373 2275 1443 2332 et
1467 2265 1731 2330 familia
1749 2263 2249 2330 Wintaniensis
2282 2264 2652 2329 aecclesiae
2673 2266 2744 2328 in
2766 2262 3062 2329 Uetusto

982 2368 1399 2432 monasterio
1457 2386 1611 2430 cum
1680 2365 1961 2429 licentia
2019 2365 2203 2446 regis
2267 2364 2631 2429 Eadwardi
2690 2370 3062 2429 commuta-

982 2466 1239 2530 tionem
1300 2475 1634 2530 terrarum
1702 2464 2035 2541 fecerunt,
2091 2473 2333 2530 contra
2391 2464 2795 2529 AElfwinum
2847 2463 3060 2529 filium

984 2564 1280 2647 AElfsige
1314 2574 1386 2629 et
1418 2562 1874 2629 AEsselhildam
1911 2570 2197 2629 matrem
2243 2564 2505 2648 ipsius;
2555 2565 2682 2630 hoc
2729 2571 2840 2629 est
2879 2564 3059 2647 quod

982 2666 1345 2747 episcopus
1375 2672 1445 2728 et
1474 2662 1737 2727 familia
1763 2664 1910 2728 eius
1939 2662 2274 2728 dederunt
2308 2680 2462 2729 ‚x11.
2499 2683 2774 2729 mansas
2804 2664 2879 2728 in
2911 2664 3062 2729 loco

982 2766 1101 2847 qui
1123 2765 1376 2830 dicitur
1394 2764 1760 2842 Mordune,
1785 2762 1966 2847 quod
1985 2765 2093 2827 sui
2112 2771 2582 2831 antecessores
2607 2764 2750 2829 suis
2773 2765 3064 2847 posteris

983 2864 1071 2930 ad
1124 2864 1254 2930 hoc
1302 2865 1866 2947 designauerunt,
1920 2863 2105 2949 quod
2136 2864 2324 2930 omui
2373 2885 2554 2932 anno
2597 2865 2688 2930 de
2723 2864 2848 2932 illa
2881 2871 3066 2934 terra

984 2972 1227 3049 pastus
1250 2966 1552 3030 familiae
1582 2966 1863 3030 daretur
1893 2984 2019 3049 pro
2052 2965 2411 3030 animabus
2443 2965 2716 3057 illorum
2743 2965 2864 3049 qui
2889 2965 3065 3032 hauc

981 3066 1244 3131 scilicet
1292 3063 1782 3131 haereditatem
1851 3065 2332 3150 adquisierant.
2421 3067 2720 3148 AElfsige
2771 3066 3064 3150 denique

985 3167 1255 3248 genitor
1276 3165 1463 3231 illius
1494 3165 1671 3231 hanc
1700 3165 1990 3231 eandem
2014 3164 2329 3231 tellurem
2345 3165 2647 3232 familiae
2673 3166 2748 3232 in
2765 3164 3065 3234 Uetusto

984 3267 1424 3343 monasterio,
1445 3267 1564 3331 ubi
1582 3285 1821 3332 omnes
1839 3267 1948 3332 sui
1972 3273 2439 3346 antecessores
2459 3267 2919 3351 requiescunt,
2938 3287 3062 3348 pro

982 3375 1187 3449 pastu
1230 3367 1645 3448 designauit,
1678 3375 1749 3456 et
1799 3367 1900 3430 eis
1947 3365 2188 3431 eodem
2237 3375 2474 3433 tenore
2523 3385 2564 3433 e
2613 3373 2858 3433 contra
2907 3386 3067 3434 con-

984 3467 1196 3531 cessit
1246 3467 1432 3531 intra
1476 3467 1828 3531 ciuitatem
1857 3465 2257 3532 Wintoniae
2305 3466 2444 3531 duo
2489 3468 2730 3550 iugera
2776 3468 2955 3534 ruris
2993 3473 3064 3532 et

979 3567 1204 3630 riuum
1238 3565 1421 3651 quod
1460 3573 1681 3630 terrae
1730 3566 2024 3643 adiacet,
2055 3567 2238 3631 intra
2283 3567 2805 3651 amplitudinem
2855 3585 3060 3650 quam

980 3667 1251 3750 praesul
1279 3685 1476 3731 muro
1524 3685 1743 3749 usque
1776 3666 1864 3730 ad
1895 3667 2388 3732 monasterium
2421 3668 2931 3751 circumplexus
2959 3676 3063 3736 est

980 3785 1199 3849 usque
1258 3767 1349 3830 ad
1400 3786 1667 3830 murum
1726 3772 2080 3832 uetustum
2129 3767 2524 3850 praedictae
2575 3767 2924 3843 ciuitatis;
2993 3775 3063 3834 et

981 3866 1490 3950 telligraphium
1524 3865 1706 3950 quod
1736 3866 2089 3932 AElfredus
2132 3867 2434 3933 basileus
2485 3869 2628 3934 suis
2671 3878 3064 3936 autecesso-

984 3966 1173 4031 ribus
1200 3967 1649 4050 praescripsit
1668 3966 1937 4033 dedere.
2045 3967 2188 4034 Hic
2215 3975 2378 4033 sunt
2407 3975 2620 4036 testes
2649 3969 2857 4034 huius
2885 3987 3067 4034 com-

982 4067 1406 4131 mutationis.

1086 4165 1172 4251 ’Β
1220 4167 1373 4249 Ego
1426 4165 1808 4234 Eadweard
1859 4187 2006 4234 rex.
2121 4171 2200 4251 ›1‹
2247 4168 2399 4251 Ego
2429 4169 2766 4251 AEsselgar
2817 4168 3064 4246 abbod,

982 4273 1053 4332 et
1098 4273 1239 4330 tres
1267 4266 1567 4334 familiae
1608 4269 1682 4332 in
1714 4268 1846 4334 hac
1881 4268 2190 4346 ciuitate,
2217 4267 2348 4334 hoc
2379 4277 2486 4334 est
2513 4268 2775 4336 familia
2818 4271 2891 4334 in
2927 4270 3066 4334 Ue-

983 4372 1173 4431 tusto
1228 4366 1667 4446 monasterio,
1712 4375 1784 4432 et
1836 4368 2101 4433 familia
2142 4371 2212 4432 in
2246 4368 2454 4434 Nouo
2511 4369 2955 4449 monasterio,
2997 4377 3067 4434 et
