3552 5764
1049 607 1392 656 canna
1436 607 1671 658 Anam
1682 608 2121 661 amomon.
2534 597 2618 662 27

645 768 725 849 ›1‹
761 765 918 849 Ego
951 765 1230 850 Eadgar
1257 764 1642 850 Anglorum
1673 768 1973 833 basileus
1995 770 2457 835 corroboraui.
2530 772 2610 853 ›1‹

535 865 692 948 Ego
755 865 1084 932 Dunstan
1149 867 1706 952 archiepiscopus
1770 869 2188 936 confirmaui.
2323 871 2403 952 »Β
2466 870 2618 954 Ego

538 963 872 1049 Oschytel
919 966 1476 1049 archiepiscopus
1506 968 1967 1034 corroboraui.
2077 971 2154 1052 ›1‹
2200 969 2351 1051 Ego
2399 968 2631 1035 Oswlf

536 1066 904 1150 episcopus
939 1066 1385 1132 consolidaui.
1497 1069 1577 1150 ›1‹
1615 1067 1766 1150 Ego
1806 1067 2034 1133 Arsulf
2064 1070 2429 1154 episcopus
2460 1090 2624 1135 con-

536 1166 832 1232 firmaui.
944 1168 1024 1249 »Β
1066 1167 1222 1248 Ego
1258 1164 1639 1232 AEfielwold
1682 1168 1919 1232 abbas.
2031 1171 2111 1251 ›1‹
2151 1169 2305 1250 Ego
2350 1168 2622 1234 AElfeah

537 1265 711 1329 dux.
785 1266 865 1346 ›1‹
901 1266 1054 1348 Ego
1086 1266 1455 1332 AE’6elstan
1488 1265 1660 1331 dux.
1730 1266 1810 1350 ›1‹
1857 1267 2010 1350 Ego
2042 1268 2432 1334 AE’6elwold
2458 1268 2622 1335 dux.

549 1367 633 1447 ›1‹
681 1365 834 1449 Ego
873 1366 1196 1431 AElfwine
1237 1367 1567 1433 minister.
1700 1368 1781 1448 ›1‹
1828 1367 1979 1449 Ego
2023 1368 2331 1433 AEtselsie
2388 1369 2621 1432 minis-

541 1472 669 1529 ter.
776 1466 863 1551 »Β
914 1465 1067 1549 Ego
1109 1466 1358 1531 Eadric
1400 1466 1732 1532 minister.
1846 1469 1926 1550 ›1‹
1966 1467 2119 1551 Ego
2167 1467 2463 1533 Ealdred
2496 1471 2623 1533 mi·-

537 1565 775 1628 nister.

638 1662 896 1729 Bebrio.
959 1665 1090 1733 Dis
1119 1667 1180 1730 is
1210 1670 1322 1730 ’6ae
1347 1656 1646 1732 landbssc
1672 1673 1748 1731 at
1778 1666 2196 1749 Ytingstoce
2222 1674 2311 1734 ’de
2345 1655 2627 1751 E‘adg‘ar

540 1765 706 1846 cing
737 1757 1092 1847 gebsscode
1119 1756 1272 1831 int6
1309 1765 1526 1830 Ealde
1555 1773 1887 1850 mynstre.

1289 2061 1891 2130 Mccxxvm.

1271 2181 1711 2292 rancia,
1753 2213 1907 2281 960.

653 2363 740 2448 »Β
797 2361 1236 2428 conmanu-
1292 2381 1420 2428 nos
1479 2381 1718 2428 sacrae
1774 2362 2209 2428 auctoritatis
2258 2363 2622 2447 scriptura,

549 2462 814 2540 dicens,
840 2467 859 2496 ‘
883 2461 1134 2527 Nudus
1166 2481 1482 2545 egressus
1515 2481 1663 2527 sum
1700 2463 1786 2550 de
1816 2469 2015 2528 utero
2048 2462 2287 2528 matris
2317 2483 2533 2542 meae,
2554 2473 2626 2530 et

553 2563 780 2626 nudus
809 2569 1117 2627 reuertar
1147 2563 1313 2627 illuc
1332 2562 1386 2642 ;’
1437 2569 1508 2627 et
1541 2563 1814 2640 iterum,
1861 2568 1882 2597 ‘
1905 2561 2139 2627 Nichil
2164 2562 2521 2628 intulimus
2552 2564 2623 2628 in

553 2661 738 2728 hunc
775 2662 1123 2738 mundum,
1152 2681 1388 2726 uerum
1425 2681 1554 2728 nec
1599 2663 1688 2728 ab
1737 2681 1820 2728 eo
1859 2663 2127 2727 auferre
2168 2662 2332 2746 quid
2373 2665 2628 2747 poteri-

549 2763 750 2828 mus?
851 2761 1295 2846 Quapropter
1339 2761 1584 2827 lubrici
1621 2769 2024 2846 potentatus
2073 2781 2212 2828 non
2249 2763 2623 2842 immemor,

552 2881 688 2946 ego
751 2861 1056 2945 Eadgar,
1111 2861 1386 2928 Christo
1433 2861 1847 2941 conferente,
1895 2881 2019 2927 rex
2078 2868 2149 2927 et
2199 2862 2625 2947 primicerius

553 2964 778 3029 tocius
858 2961 1174 3028 Albionis
1241 2963 1435 3046 regni
1511 2962 1865 3044 fastigium
1933 2960 2175 3026 humili
2229 2964 2627 3046 praesidens

555 3065 806 3139 animo,
833 3065 924 3129 ob
951 3062 1558 3129 remunerationem
1588 3063 1868 3127 maioris
1900 3062 2207 3144 praemii,
2241 3062 2627 3145 aliquantu-

553 3163 692 3228 lam
733 3165 914 3228 ruris
955 3163 1362 3248 particulam
1397 3164 1658 3227 nicenis
1695 3170 2163 3244 comparatam
2194 3162 2483 3227 cassatis
2516 3164 2628 3228 cui

553 3262 970 3329 uocabulum
1002 3270 1194 3328 certa
1220 3263 1709 3347 astipulatione
1741 3263 2085 3345 Draegtnn
2133 3260 2503 3344 profertur,
2536 3261 2622 3327 ad

553 3363 954 3428 aecclesiam
1013 3364 1260 3428 beatae
1322 3362 1592 3428 Mariae
1655 3363 2007 3445 genitricis
2066 3362 2177 3426 dei
2236 3380 2318 3427 ac
2372 3362 2627 3427 domini

555 3463 774 3529 nostri
808 3463 1020 3528 Ihesu
1049 3462 1332 3541 Christi,
1371 3463 1445 3529 in
1473 3463 1628 3527 loco
1656 3462 1776 3547 qui
1812 3463 2065 3528 dicitur
2090 3460 2504 3539 Abbandun,
2534 3461 2623 3526 ad

553 3582 722 3628 usus
752 3562 1006 3628 ibidem
1033 3562 1324 3627 fratrum
1349 3561 1480 3627 deo
1509 3564 1945 3629 seruientium
1982 3562 2274 3627 libenter
2304 3562 2624 3642 concedo,

559 3664 925 3727 obsecrans
967 3670 1041 3728 et
1079 3662 1503 3747 praecipiens
1541 3664 1614 3728 in
1652 3664 1926 3728 nomine
1974 3661 2254 3739 Christi,
2304 3668 2385 3726 ut
2428 3680 2625 3727 nemo

561 3764 1026 3828 successorum
1067 3770 1479 3840 nostrorum,
1521 3763 1892 3846 superioris
1940 3762 2053 3827 uel
2088 3762 2425 3826 inferioris
2466 3780 2625 3844 gra·

563 3861 714 3940 dus,
743 3862 870 3927 hoc
903 3870 1181 3929 nostrae
1221 3862 1606 3928 deuotionis
1645 3864 1897 3928 donum
1940 3862 2173 3944 aliquo
2218 3862 2625 3927 temeritatis

563 3961 990 4046 aliquatenus
1029 3961 1362 4028 instinctu
1397 3962 1800 4045 disrumpat.
1902 3959 2420 4026 Praedictarum
2448 3961 2627 4027 enim

563 4081 951 4127 mansarum
1001 4078 1161 4127 ‚xx.
1201 4061 1487 4139 scilicet,
1519 4068 1809 4145 patruus
1852 4080 2045 4125 meus
2090 4061 2442 4125 Eadredus
2477 4082 2627 4139 rex,

555 4162 680 4225 uni
708 4162 966 4246 pridem
1001 4161 1204 4227 militi
1233 4162 1509 4239 deuoto,
1544 4160 1947 4226 Eaduuoldo
1981 4160 2276 4240 nomine,
2306 4163 2378 4226 in
2409 4170 2629 4227 aeter-

555 4281 714 4327 nam
742 4262 1036 4344 largitus
1078 4269 1184 4326 est
1218 4262 1731 4339 haereditatem,
1764 4268 1836 4326 et
1880 4270 2123 4344 postea
2168 4263 2321 4345 ipso
2359 4262 2496 4327 iam
2538 4281 2628 4326 ex

556 4361 684 4427 hac
714 4364 864 4428 uita
891 4362 1227 4443 migrante
1246 4362 1465 4427 eidem
1497 4361 1801 4426 restituit
1822 4362 2172 4427 coenobio.
2259 4361 2367 4427 Sit
2400 4369 2628 4427 autem
