3552 5764
980 636 1323 685 culmus
1367 636 1605 687 Auem
1616 636 2055 689 sAxochn.
2439 623 2568 687 139

1274 891 1761 960 MCCXCIV.

1138 1042 1663 1123 AEDELRED,
1706 1044 1900 1112 1000.

576 1188 665 1274 ›1‹
702 1188 865 1254 PAx
914 1198 987 1257 et
1034 1192 1331 1259 uictoria
1377 1193 1803 1277 apostolicae
1846 1194 2008 1259 fidei
2056 1193 2432 1261 cultoribus
2489 1195 2560 1259 in

474 1292 918 1373 perpetuum!
1054 1290 1455 1359 Aecclesiae
1518 1312 1685 1359 uero
1734 1294 2118 1361 catholicae
2183 1296 2560 1361 auctoritas

470 1389 651 1470 iugis
701 1398 773 1456 et
818 1392 1159 1457 indefessa
1214 1402 1535 1477 optamus
1586 1401 1664 1460 ut
1710 1402 2150 1478 permaneam
2213 1396 2300 1460 ad
2361 1414 2562 1461 sacra

473 1497 703 1555 autem
770 1494 1169 1558 sanctuaria
1239 1494 1312 1559 in
1383 1494 1639 1559 domini
1714 1495 2210 1580 gazophylacio
2286 1496 2564 1560 diuersa

474 1588 794 1655 iubentur
860 1592 1107 1657 iactari
1168 1612 1252 1658 ac
1313 1588 1541 1659 offerri
1615 1596 1889 1674 exenia,
1957 1596 2124 1679 quia
2183 1597 2329 1678 regi
2395 1603 2561 1660 nato

474 1690 817 1755 coelorum
862 1699 943 1758 ut
992 1694 1322 1777 scriptum
1370 1700 1502 1772 est,
1540 1699 1563 1730 ‘
1586 1693 1821 1777 Reges
1863 1702 2090 1760 terrae
2119 1715 2405 1759 munera
2435 1696 2558 1760 ob-

475 1790 825 1856 tulerunt?
914 1790 1121 1859 Unde
1158 1797 1291 1877 eg'o
1332 1793 1744 1860 AE’Selredus
1791 1814 1917 1859 rex
1955 1815 2094 1861 non
2137 1796 2560 1877 incognitum

471 1891 635 1955 uolo
668 1910 821 1956 esse
848 1894 1163 1957 omnibus
1194 1894 1362 1959 mihi
1390 1894 2009 1977 genuflectentibus
2034 1894 2218 1978 quod
2247 1894 2336 1959 ad
2362 1914 2560 1959 sanc-

471 1992 773 2056 tuarium
800 1992 1373 2059 Abbandunensis
1404 1994 1820 2071 monasterii,
1857 1996 2206 2060 obtinente
2238 1994 2562 2061 uidelicet

472 2090 841 2175 Wulsgaro
869 2094 1143 2172 abbate,
1174 2094 1461 2161 offerens
1496 2093 1754 2177 largior
1790 2112 1880 2160 .ν.
1916 2114 2310 2161 mansorum
2341 2095 2563 2161 cultu-

475 2210 587 2257 ras
612 2208 745 2257 .ιιι.
772 2193 842 2257 ἰιι
864 2192 1034 2259 uilla
1059 2194 1402 2278 Draegtun
1427 2212 1526 2259 .11.
1548 2195 1621 2259 in
1650 2194 1930 2273 Suttun,
1951 2215 2108 2260 cum
2133 2214 2273 2259 uno
2304 2195 2560 2261 molen-

472 2292 656 2371 dino,
687 2312 994 2377 campos,
1023 2314 1305 2377 pascua,
1334 2302 1563 2379 prata,
1590 2295 1663 2359 in
1698 2302 2072 2378 perpetuae
2112 2294 2558 2361 haereditatis

474 2392 642 2471 iure,
688 2393 870 2459 sicut
916 2393 1348 2477 Wulfgarus‚
1390 2414 1585 2459 mens
1629 2394 1946 2461 uidelicet
1993 2395 2340 2479 pincerna,
2377 2396 2558 2461 obti-

470 2494 637 2559 nuit.
712 2492 945 2558 Huius
971 2502 1201 2559 autem
1235 2495 1575 2560 ruricolae
1604 2495 1871 2561 telluris
1900 2496 2328 2581 praecipiens
2358 2516 2556 2579 prae-

470 2594 649 2677 cipio
694 2602 773 2659 ut
814 2602 1268 2678 permaneant
1316 2595 1536 2674 liberi,
1592 2596 1980 2678 segregatis
2027 2597 2250 2661 tribus
2301 2598 2559 2676 causis,

470 2694 909 2778 expeditione
963 2693 1227 2760 scilicet
1288 2694 1546 2775 hostili,
1612 2696 2009 2761 fundatione
2068 2696 2300 2779 regiae
2354 2696 2558 2775 arcis,

472 2794 971 2860 restauratione
1003 2796 1256 2879 pontis.
1358 2796 1434 2861 Si
1474 2798 1631 2880 quis
1675 2816 1838 2861 uero
1881 2796 2155 2861 inuidus
2199 2796 2559 2879 ignicomis

472 2895 937 2980 philargyriae
978 2896 1269 2961 flammis
1306 2915 1661 2974 accensus,
1699 2896 1861 2962 huic
1902 2897 2208 2962 ueridico
2250 2895 2556 2962 libellulo

472 2997 683 3062 alium
718 2997 1569 3063 circum-attramentatum
1612 2996 2011 3080 cupiditatis
2053 2996 2329 3061 fallacia
2360 2996 2556 3061 libel-

477 3096 686 3162 lulum
722 3097 1278 3182 superimponere
1314 3104 1603 3161 conatus
1630 3096 1860 3174 fuerit,
1893 3097 1987 3161 sit
2016 3094 2384 3160 anathema
2412 3115 2554 3161 ma-

478 3204 745 3275 ranata,
792 3196 923 3261 hoc
976 3205 1107 3276 est,
1147 3195 1476 3263 alienatio
1521 3215 1566 3261 a
1608 3196 1956 3261 consortio
2005 3195 2555 3277 christianorum,

476 3298 693 3362 donec
742 3297 1148 3380 resipiscens
1188 3295 1541 3381 poeniteat
1587 3295 1771 3380 quod
1822 3297 1895 3360 in
1943 3295 2244 3360 inuidiae
2289 3296 2555 3363 fallacis

474 3397 691 3462 liuore
716 3397 1151 3482 probauerat.
1229 3394 1415 3462 Acta
1441 3406 1547 3462 est
1576 3417 1742 3479 ergo
1769 3396 1944 3462 haec
1963 3396 2234 3462 cartula
2256 3415 2438 3461 anno
2466 3399 2555 3463 ab

470 3498 941 3564 incarnatione
981 3498 1241 3562 domini
1284 3496 1647 3562 millesimo
1696 3517 1904 3576 anne,
1949 3496 2320 3562 indictione
2364 3515 2551 3562 .xm.

472 3605 544 3663 et
591 3607 673 3663 ut
730 3597 901 3661 haec
942 3598 1214 3663 cartula
1262 3597 1675 3663 inuiolabilis
1728 3598 2076 3663 firmitatis
2135 3596 2553 3663 soliditatem

473 3698 777 3764 obtinere
808 3699 1055 3780 possit,

577 3799 657 3880 ›1-
692 3797 846 3881 Ego
874 3817 995 3862 rex
1026 3798 1285 3882 primus
1313 3797 1533 3879 regali
1559 3796 1854 3862 dextera
1873 3798 2158 3862 eandem
2187 3799 2554 3863 corroboro

472 3900 919 3981 manibusque
968 3899 1269 3962 omnium
1307 3897 1474 3962 mihi
1514 3898 1975 3962 subiectorum
2011 3897 2101 3962 ad
2143 3896 2553 3962 confirman-

472 3999 635 4065 dum
659 3999 1028 4084 praecipio.
1104 3999 1184 4080 *1-
1218 3996 1371 4080 Ego
1396 3997 1762 4062 AE’Gelstan
1788 3997 1976 4063 filius
1991 3999 2174 4080 regis
2201 3997 2552 4064 testificor.

480 4101 559 4182 *1⁴
589 4099 743 4182 Ego
791 4097 1156 4163 Eadmund
1204 4096 1486 4163 affirmo,
1601 4099 1681 4180 >1-
1722 4097 1874 4180 Ego
1925 4097 2196 4162 Eadred
2244 4099 2554 4164 testimo-

470 4201 653 4264 nium
688 4198 1036 4284 perhibeo·
1147 4201 1226 4282 *1⁴
1262 4198 1415 4281 Ego
1454 4198 1727 4262 Eaduui
1768 4217 1905 4262 non
1935 4199 2352 4264 contradico.
2463 4202 2542 4283 ›1‹

469 4299 619 4384 Ego
668 4299 923 4365 AElfric
973 4299 1521 4365 Dorouernensis
1581 4297 2135 4384 archiepiscopus
2190 4299 2551 4365 conlaudo.

473 4403 552 4484 ›1‹
583 4401 739 4484 Ego
778 4399 1104 4466 Uulfstan
1137 4399 1587 4466 Eboracensis
1622 4399 2176 4484 archiepiscopus
2205 4401 2550 4484 consigno.
