3552 5764
1051 627 1390 678 onan-ru
1433 627 1671 678 Auem
1684 628 2119 681 saxonicae.
2521 615 2611 681 29

1301 883 1831 953 mccxxlx.

1250 1004 1689 1116 Binaria,
1731 1036 1883 1102 961.

634 1186 721 1271 »Β
772 1185 1148 1250 anssoms
1210 1185 1526 1269 agonista
1581 1186 2079 1251 sermocinatus
2134 1193 2240 1250 est
2279 1187 2350 1250 in
2395 1189 2609 1272 scrip-

533 1287 707 1350 turis
747 1286 1024 1364 diuinis,
1069 1286 1323 1364 dicem,
1369 1291 1390 1320 ‘
1418 1286 1667 1350 Omnia
1700 1305 1880 1371 quae
1914 1286 2233 1350 uidentur
2264 1293 2607 1371 tempora-

535 1385 632 1449 lia
672 1393 854 1463 sunt,
884 1405 1064 1469 quae
1097 1393 1327 1450 autem
1377 1404 1514 1449 non
1558 1384 1881 1452 uidentur
1918 1385 2245 1451 aeterna.’
2347 1386 2607 1454 Iocirco

537 1485 880 1568 superflua
949 1486 1297 1550 utentibus
1373 1485 1644 1550 diuinus
1721 1504 1945 1551 sermo
2010 1495 2093 1551 ut
2171 1489 2604 1569 suprataxati

539 1604 774 1651 sumus
813 1585 1206 1650 terribiliter
1241 1593 1664 1670 praemonet,
1698 1593 1779 1650 ut
1816 1585 2017 1649 huius
2058 1585 2319 1650 saeculi
2350 1587 2609 1653 caduca

533 1691 1094 1768 contempnentes
1141 1685 1662 1768 spiritualiaque
1702 1685 2052 1750 imitantes
2084 1685 2409 1750 coelestia
2452 1707 2610 1771 pro-

533 1804 852 1868 peremus
887 1784 972 1849 ad
1017 1803 1250 1867 regna.
1351 1783 1811 1863 Quamobrem
1848 1803 1977 1867 ego
2013 1783 2312 1868 Eadgar,
2348 1785 2609 1852 deside-

531 1885 638 1950 rio
678 1885 872 1968 regni
909 1885 1222 1950 coelestis
1265 1884 1630 1962 exardens,
1664 1882 1940 1949 fauente
1982 1903 2279 1968 superno
2310 1887 2606 1964 numine,

529 1985 836 2050 basileus
877 1983 1254 2049 industrius
1297 1981 1676 2066 Anglorum
1719 1991 2254 2067 cunctarumque
2303 1987 2608 2067 gentium

533 2086 608 2148 in
655 2085 944 2150 circuitu
994 2084 1526 2168 persistentium,
1564 2083 1909 2169 quandam
1962 2083 2139 2148 ruris
2195 2095 2483 2169 partem,
2534 2087 2606 2150 id

531 2193 642 2250 est
697 2186 998 2268 quinque
1051 2203 1350 2261 mansas,
1403 2183 1526 2249 illo
1569 2184 1640 2247 in
1683 2183 1835 2248 loco
1885 2184 2005 2266 qui
2051 2190 2215 2248 noto
2270 2185 2605 2251 uocabulo

541 2283 826 2351 Afintun
861 2285 1274 2362 nominatur,
1320 2283 1646 2366 dignatus
1686 2302 1841 2347 sum
1883 2283 2145 2366 largiri,
2178 2304 2305 2367 pro
2338 2286 2608 2351 animae

535 2404 730 2449 meae
803 2385 1289 2468 redemptione,
1367 2383 1454 2447 ad
1531 2382 2016 2448 monasterium
2096 2384 2281 2468 quod
2355 2385 2609 2451 dicitur

539 2484 1102 2550 Uetustissimum
1133 2484 1317 2568 quod
1348 2484 1421 2548 in
1437 2482 1694 2549 Wenta
1723 2484 2019 2567 positum
2043 2485 2301 2550 sanctis
2334 2493 2607 2569 aposto-

535 2583 624 2648 lis
669 2583 880 2650 Petro
935 2593 1005 2650 et
1054 2583 1280 2649 Paulo
1323 2584 1711 2648 dedicatum
1753 2591 1883 2661 est,
1926 2589 2007 2647 ut
2043 2602 2215 2666 grex
2258 2584 2427 2649 inibi
2476 2585 2607 2650 deo

536 2685 842 2750 seruiens
905 2685 1157 2767 iugiter
1208 2683 1398 2747 illam
1447 2682 1658 2748 libere
1709 2681 2059 2765 possideat
2124 2689 2399 2762 terram,
2450 2704 2604 2749 cum

537 2785 856 2850 omnibus
918 2784 1004 2849 ad
1065 2803 1139 2848 se
1191 2783 1702 2866 pertinentibus.
1829 2782 1989 2847 Fiat
2054 2784 2233 2847 enim
2296 2785 2609 2866 praefata

536 2893 722 2951 terra
761 2886 850 2950 ab
893 2886 1075 2949 omni
1125 2884 1358 2949 seruili
1406 2882 1573 2967 iugo
1616 2884 1855 2961 libera,
1906 2902 2061 2948 cum
2110 2884 2422 2949 omnibus
2474 2886 2607 2950 sibi

535 2986 668 3050 rite
733 2984 1256 3069 pertinentibuS,
1311 2984 1620 3067 exceptis
1686 2982 1793 3047 his
1848 2982 2090 3060 tribus,
2150 2984 2605 3067 expeditione,

537 3086 766 3169 pontis
807 3085 1076 3151 arcisue
1105 3083 1679 3149 coaedificatione.
1783 3081 2100 3165 Denique
2134 3101 2301 3147 uero
2334 3084 2392 3147 si
2428 3084 2607 3167 quis,

538 3184 736 3250 nobis
790 3204 928 3249 non
991 3184 1416 3268 optantibuS,
1479 3190 1791 3248 nostrum
1854 3180 1985 3247 hoc
2047 3181 2300 3246 donum
2358 3183 2607 3250 uiolari

535 3283 1004 3350 fraudulenter
1038 3282 1490 3368 perpetrando
1532 3282 1972 3359 eonsenserit,
2015 3281 2400 3347 consideret
2447 3282 2606 3349 hinc

533 3404 612 3449 se
655 3386 767 3449 die
805 3384 1050 3451 ultima
1085 3383 1318 3449 iudicii
1365 3401 1594 3448 coram
1643 3383 1771 3447 deo
1807 3382 2139 3447 rationem
2183 3382 2606 3449 redditurum

535 3494 746 3568 atque
784 3504 938 3549 cum
995 3483 1302 3567 reprobis
1351 3483 1600 3567 quibus
1651 3482 1924 3560 dicitur,
1976 3488 1997 3517 ‘
2020 3482 2369 3547 Discedite
2408 3502 2451 3548 a
2496 3504 2607 3548 me

537 3584 883 3650 maledicti
923 3586 994 3648 in
1035 3585 1266 3665 ignem
1318 3582 1719 3660 aeternum,’
1767 3582 2008 3666 poenis
2061 3584 2407 3648 atrocibus
2454 3601 2606 3648 esse

537 3704 922 3767 passurum,
963 3684 1024 3749 si
1067 3703 1204 3748 non
1249 3690 1454 3747 antea
1487 3702 1818 3767 corporea
1856 3682 2343 3747 lamentatione
2374 3702 2602 3747 emen-

539 3784 822 3850 dauerit.
952 3784 1118 3849 Istis
1153 3782 1460 3847 terminis
1488 3783 1841 3865 praedicta
1879 3790 2063 3847 terra
2100 3784 2605 3865 circumgyrata

538 3902 690 3948 esse
743 3884 1029 3950 uidetur.
1129 3882 1256 3947 Dis
1299 3882 1450 3947 sind
1495 3888 1591 3948 §a
1635 3870 2095 3963 landgemz‘x'ere
2125 3872 2206 3947 t6
2239 3874 2599 3949 Afintiine.

539 3984 774 4049 AErest
799 4004 888 4049 on
917 3991 1014 4050 &a
1045 3982 1290 4049 ealdan
1324 3982 1563 4067 byrig;
1608 3981 1690 4048 of
1703 3970 1894 4047 δῶτε
1924 3980 2171 4046 ealdan
2204 3981 2403 4066 byrig
2432 3984 2599 4047 and-

531 4084 700 4167 lang
739 4076 1028 4149 sti-fimes
1067 4103 1159 4149 on
1199 4080 1424 4149 bonon
1465 4081 1723 4164 langan
1765 4079 1953 4156 ford;
2029 4079 2110 4145 of
2138 4069 2299 4146 ’siim
2344 4082 2600 4166 langan

527 4184 728 4250 forda
779 4184 902 4249 inn
957 4202 1048 4249 on
1095 4181 1183 4247 ba
1226 4174 1385 4259 (Ῑῑος
1449 4180 1751 4264 andlang
1794 4169 1984 4246 δῶτε
2030 4171 2146 4246 dic
2192 4168 2345 4248 efist
2389 4184 2601 4250 innon

529 4274 904 4359 wfflden03
951 4284 1035 4349 of
1056 4274 1384 4349 widdene
1431 4281 1734 4371 andlang
1771 4271 1963 4347 &fiere
2005 4271 2175 4347 r6de
2216 4282 2422 4348 innon
2464 4304 2598 4368 syx

527 4404 822 4466 moeres3
868 4384 949 4449 os
969 4404 1104 4468 syx
1138 4403 1422 4449 aeoeraen
1455 4381 1538 4448 of
1551 4371 1791 4449 ’δῶκα
1822 4380 2057 4447 useren
2085 4374 2303 4466 le‘gae3
2338 4383 2419 4449 os
2434 4373 2599 4450 Bam
