3552 5764
961 621 1106 670 ctu
1117 621 1302 670 nun
1346 620 2016 672 AucmsAxochn.
2441 607 2525 673 1¹7

439 776 526 842 Et
555 777 754 844 illam
803 782 1300 864 possessionem
1345 782 1417 844 in
1464 778 1881 864 Scepertune
1914 782 2047 846 emi
2088 781 2176 846 ab
2221 779 2521 848 AElfleda

437 878 650 944 uidua
715 897 868 946 mx.
937 881 1308 946 bizancteis
1372 881 1689 958 nummis,
1751 887 1821 944 et
1883 881 2039 946 dedi
2099 881 2251 947 loco
2316 900 2516 965 prae—

435 979 714 1061 scripto.
817 979 996 1045 Item
1040 979 1378 1045 AElshelm
1412 979 1672 1062 Wolga
1722 999 1849 1062 pro
1890 982 2157 1045 animae
2196 1001 2363 1046 suae
2406 1002 2513 1047 re-

433 1076 661 1144 medio
683 1098 773 1145 .ν.
801 1099 1076 1145 mansas
1093 1080 1384 1162 largitus
1416 1088 1524 1144 est
1541 1080 1913 1144 coenobitis
1938 1080 2010 1144 in
2032 1079 2513 1148 westminstre

429 1181 1001 1246 conuersantibus
1041 1181 1114 1244 in
1150 1181 1304 1247 loco
1339 1181 1458 1262 qui
1494 1180 1974 1244 Bricanndune
2014 1181 2289 1262 uulgari
2327 1182 2514 1246 uoci-

433 1277 694 1344 tamine
739 1280 1010 1345 dicitur.
1114 1278 1295 1344 Item
1342 1279 1708 1344 AElfwinus
1759 1279 2145 1364 praefectus
2200 1283 2381 1363 regis
2425 1281 2512 1347 de

437 1375 630 1442 Kent
667 1395 800 1444 .111.
833 1387 1144 1446 cassatos
1181 1379 1510 1445 coenobio
1539 1379 1852 1462 praefato
1891 1398 2018 1462 pro
2047 1381 2351 1444 animula
2384 1400 2513 1447 sua

431 1477 882 1562 coniugisque
908 1479 1205 1562 largitus
1233 1486 1342 1545 est
1369 1481 1441 1544 in
1464 1477 1618 1544 loco
1641 1480 1759 1562 qui
1794 1479 2309 1562 Schollingtune
2343 1481 2509 1547 dici-

430 1584 574 1656 tur;
608 1585 680 1642 et
701 1578 825 1643 illa
849 1580 1194 1664 possessio
1215 1581 1286 1644 in
1310 1578 1605 1644 Perham
1625 1587 1790 1662 post
1808 1579 1954 1644 dies
1969 1579 2255 1645 Wlnovi
2270 1581 2507 1647 redeat

425 1675 516 1740 ad
577 1678 964 1761 praefatum
1015 1681 1420 1745 coenobium
1470 1697 1677 1762 quam
1733 1679 1823 1743 ab
1869 1679 2105 1743 eodem
2166 1687 2506 1745 mercatus

427 1795 586 1840 sum
641 1794 860 1844 mxx.
920 1780 1262 1845 mancusis
1312 1779 1485 1844 auri.
1599 1778 1693 1843 Et
1744 1778 1914 1842 illud
1967 1777 2390 1862 praediolum
2436 1781 2507 1844 in

433 1875 871 1961 Padingtune
919 1879 1290 1944 aecclesiae
1339 1878 1689 1964 predictae
1733 1877 1986 1944 addidi.
2090 1877 2269 1944 Item
2312 1898 2507 1964 prae·

431 1976 622 2042 dium
681 1978 857 2044 illud
915 1979 990 2043 in
1049 1978 1378 2045 Cofenlea
1433 1979 1785 2062 praefatae
1838 1976 2211 2043 aecclesiae
2267 1979 2503 2044 adieci.

431 2075 616 2142 Item
643 2078 998 2160 praedium
1021 2079 1096 2144 in
1126 2079 1383 2144 Ewelle
1412 2077 1516 2143 illi
1547 2085 1789 2143 sancto
1818 2079 1973 2143 loco
2000 2078 2072 2141 in
2104 2087 2506 2162 perpetuam

431 2179 806 2260 perstrinxi
835 2179 1354 2261 possessionem.

533 2275 688 2360 Ego
721 2277 1082 2360 Eadgarus
1117 2298 1240 2344 rex
1276 2276 1656 2361 Anglorum
1694 2276 1896 2342 huius
1928 2276 2263 2344 libertatis
2296 2277 2504 2345 dona-

433 2375 691 2442 tionem
735 2376 1101 2446 clementer
1145 2379 1362 2444 tocius
1405 2379 1706 2461 regimen
1749 2378 2141 2459 gubernans
2184 2377 2507 2464 episcopo

433 2475 800 2544 Dunstano
829 2478 1258 2544 desiderante
1289 2478 1580 2543 libenter
1603 2478 1906 2543 concessi
1934 2486 2005 2542 et
2031 2477 2233 2560 signo
2264 2486 2505 2544 sancto

429 2577 756 2660 regiaque
792 2585 1137 2661 potestate
1173 2579 1494 2644 roboraui
1533 2579 1612 2659 ›1‹
1655 2577 1730 2640 in
1768 2575 2027 2641 Christi
2062 2578 2330 2643 nomine
2372 2580 2503 2643 sub

429 2673 669 2742 horum
732 2677 1124 2744 testimonio
1186 2697 1475 2762 quorum
1531 2677 1813 2742 nomina
1866 2676 2247 2742 flauescunt
2306 2678 2505 2743 infra.

441 2777 520 2859 ›1-
559 2776 716 2859 Ego
770 2777 1196 2855 Dunstanus‚
1245 2779 1388 2843 acsi
1434 2783 1754 2863 peccator
1794 2783 1866 2842 et
1918 2778 2185 2843 nomine
2232 2786 2500 2843 tantum

427 2877 815 2963 episcopus,
851 2877 1028 2945 hanc
1060 2878 1395 2944 libertatis
1427 2876 1774 2944 scedulam
1817 2876 2261 2961 impressione
2292 2877 2504 2960 sigilli

429 2979 650 3043 nostri
707 2986 780 3043 et
823 2978 1060 3044 annuli
1109 2979 1390 3065 insuper
1437 2985 1508 3043 et
1557 2976 1903 3059 agalmate
1956 2985 2235 3042 sanctae
2278 2979 2503 3042 crucis

425 3076 795 3161 diligenter
838 3079 1284 3161 consignaui3
1339 3097 1422 3144 ac
1470 3076 1716 3142 deinde
1743 3076 2057 3141 manibus
2108 3076 2195 3140 ad
2236 3075 2501 3141 coelum

425 3178 736 3243 extensis
783 3178 955 3255 dixi,
999 3177 1074 3244 Si
1125 3179 1281 3262 quis
1333 3177 1506 3243 hanc
1557 3174 2063 3241 munificentiae
2113 3175 2501 3241 libertatem

423 3284 740 3343 sanctum
773 3277 1334 3362 praedictumque
1374 3278 1626 3353 locum,
1666 3276 1737 3340 in
1776 3276 2002 3353 terris,
2035 3273 2148 3339 uel
2199 3275 2501 3355 decimis,

423 3376 540 3441 uel
586 3377 744 3443 aliis
793 3376 1193 3456 redditibus,
1239 3396 1359 3443 seu
1407 3378 1479 3441 in
1527 3375 1788 3459 aliqun,
1834 3375 2087 3441 nostris
2134 3382 2205 3441 et
2252 3375 2322 3440 su
2330 3376 2502 3442 turis

421 3477 844 3561 temporibus
875 3478 1200 3543 meliorau
1209 3478 1340 3542 erit
1363 3476 1476 3542 uel
1509 3475 1894 3554 adauxerit,
1919 3482 2173 3558 augeat
2198 3475 2301 3540 illi
2332 3474 2503 3541 deus

423 3578 905 3661 perpetuitatis
947 3578 1458 3656 beatitudinem,
1505 3582 1714 3660 atque
1763 3575 1837 3640 in
1880 3576 2129 3641 nostris
2177 3575 2502 3641 orationi—

425 3678 558 3742 bus
589 3684 658 3742 et
685 3678 1158 3744 benedictione
1190 3679 1278 3742 ab
1303 3676 1620 3742 omnibus
1641 3676 1945 3759 peccatis
1972 3675 2118 3740 suis
2146 3674 2503 3741 absolutus

429 3776 762 3843 foeliciter
809 3784 1230 3861 permaneat.
1330 3775 1472 3856 Qui
1528 3795 1692 3842 uero
1755 3774 1932 3840 hanc
1989 3782 2293 3839 nostram
2348 3792 2505 3839 auc-

431 3875 778 3941 toritatem
805 3878 920 3943 uel
935 3878 1410 3943 inmunitatem
1443 3875 1811 3957 infringere
1838 3874 2159 3952 uoluerit,
2188 3874 2302 3937 uel
2332 3873 2505 3939 alios

429 3976 522 4041 ad
549 3974 678 4041 hoc
703 3978 1179 4055 conduxerint,
1201 3985 1272 4044 et
1301 3985 1445 4042 tam
1465 3994 1552 4039 ea
1577 3993 1755 4058 quae
1787 3973 2177 4058 praeteritis
2204 3972 2315 4039 uel
2349 3993 2506 4040 nos-

426 4076 558 4142 tris
581 4078 996 4161 temporibus
1017 4085 1185 4143 sunt
1204 4076 1370 4142 data
1391 4092 1594 4159 quam
1619 4093 1704 4138 ea
1728 4074 1999 4158 quaein
2018 4072 2250 4138 futuro
2270 4092 2315 4139 a
2339 4073 2508 4139 fide-

421 4176 605 4243 libus
638 4176 867 4242 danda
897 4184 1060 4243 sunt
1102 4176 1354 4241 stolido
1388 4175 1741 4240 conamine
1773 4173 2129 4239 absumere
2162 4174 2507 4256 cogitaue-

425 4277 588 4355 rint,
617 4277 733 4343 uel
759 4276 1040 4363 aliquod
1069 4276 1602 4352 amminiculum,
1633 4281 1758 4340 aut
1788 4273 2060 4353 calices,
2090 4281 2216 4339 aut
2242 4293 2506 4352 cruces,

421 4396 544 4443 seu
571 4377 978 4443 indumenta
1004 4377 1272 4457 altaris,
1309 4376 1424 4441 uel
1467 4394 1702 4441 sacros
1739 4374 2032 4453 codices,
2079 4393 2248 4439 auru
2256 4394 2347 4453 m,
2394 4392 2506 4438 ar·

521 4494 696 4542 Tou.
733 4494 830 4543 νι.
2170 4492 2209 4539 c
