3552 5764
954 574 1298 624 anRTAR
1345 575 1583 624 Anam
1595 576 2033 629 SAXONIOAB.
2454 562 2542 626 15

413 734 592 818 quia
653 733 1040 818 supradicti
1097 732 1359 799 domini
1407 733 1716 817 Eadgari
1775 735 1961 818 regis
2024 734 2270 820 petitio
2340 735 2541 801 nobis

415 835 628 919 quasi
663 835 884 900 iussio
913 841 1045 913 est,
1075 834 1189 900 cui
1215 833 1692 900 difficillimum
1713 843 1827 901 est
1848 837 2103 916 resisti,
2124 856 2251 902 seu
2278 856 2406 920 pro
2435 856 2542 901 re-

413 937 746 1001 uerentia
790 936 970 1001 tanti
999 933 1326 1019 apostoli,
1371 935 1570 1000 cuius
1616 936 2005 1019 patrocinio
2048 955 2125 1002 se
2166 936 2317 1020 ipse
2350 955 2540 1002 com-

419 1037 645 1115 misit,
673 1056 799 1102 seu
839 1044 919 1102 ut
951 1036 1125 1121 ipsis
1165 1034 1526 1101 monachis
1569 1037 1949 1101 secundum
1992 1043 2311 1102 sanctum
2352 1036 2539 1102 ordi·

421 1157 590 1202 nem
625 1137 865 1203 uiuere
896 1137 1107 1202 liceat
1136 1143 1208 1201 et
1235 1145 1318 1201 ut
1352 1143 1494 1200 tam
1524 1155 1652 1219 pro
1684 1138 1885 1203 nobis
1919 1156 2128 1221 quam
2162 1157 2290 1220 pro
2323 1138 2538 1202 omni-

421 1239 564 1303 bus
581 1239 964 1304 aecclesiae
993 1244 1274 1302 nostrae
1303 1235 1634 1302 fratribus
1663 1237 1871 1302 deum
1905 1244 2129 1315 orent,
2162 1237 2294 1302 hoc
2324 1237 2541 1321 priui-

425 1338 694 1422 legium
753 1339 964 1422 plena
1021 1336 1384 1402 uoluntate
1448 1355 1593 1401 una
1649 1357 1807 1404 cum
1864 1357 2203 1403 consensu
2250 1336 2540 1403 fratrum

429 1459 746 1504 meorum
775 1440 948 1524 ipsis
976 1437 1310 1516 concessi,
1339 1456 1466 1520 per
1492 1437 1676 1520 quod
1708 1439 2005 1504 decerno
2034 1446 2249 1522 atque
2278 1439 2368 1502 ob
2398 1445 2541 1502 tes-

429 1539 816 1605 tificatione
857 1538 1078 1604 diuini
1120 1536 1420 1603 nominis
1463 1538 1827 1616 interdicO,
1875 1545 1955 1604 ut
1998 1558 2128 1603 nec
2172 1558 2306 1622 ego
2349 1537 2539 1603 dein-

427 1659 598 1724 ceps
631 1660 762 1706 nec
787 1639 976 1704 ullus
999 1657 1476 1704 successorum
1507 1657 1817 1703 meorum
1846 1639 2323 1722 episcoporum
2359 1637 2541 1704 Lon-

427 1740 682 1806 doniae
723 1739 854 1804 hoc
896 1739 1154 1805 audeat
1189 1737 1568 1821 infringere
1611 1739 1726 1804 uel
1769 1738 2139 1804 temerario
2190 1757 2366 1803 ausu
2414 1738 2541 1804 ali-

431 1850 785 1925 quatenus
845 1841 1134 1919 uiolare,
1197 1838 1524 1905 uidelicet
1579 1845 1663 1903 ut
1712 1839 1939 1904 omnis
2004 1839 2365 1923 presbyter
2427 1839 2541 1904 uel

431 1942 730 2008 clericus
762 1961 856 2006 ex
889 1942 1026 2006 hiis
1057 1940 1178 2025 qui
1219 1939 1296 2004 in
1325 1939 1482 2022 ipso
1517 1939 1881 2023 procinctu
1910 1939 2291 2004 beatissimi
2322 1939 2542 2018 Petri,

433 2051 508 2108 et
537 2062 780 2108 omnes
812 2040 918 2107 illi
950 2043 1072 2126 qui
1119 2039 1194 2104 in
1235 2039 1758 2124 circumscripto
1801 2039 2063 2124 spacio,
2097 2039 2282 2104 sicut
2312 2038 2540 2122 desig-

437 2152 614 2208 nant
653 2161 894 2208 cruces
935 2141 1053 2208 uel
1092 2139 1359 2206 fossata
1405 2140 1520 2206 uel
1571 2140 1713 2206 alia
1759 2141 1987 2223 signa,
2020 2139 2125 2204 illi
2159 2139 2541 2206 aecclesiae

437 2244 780 2321 seruiunt,
807 2243 948 2308 sint
985 2242 1184 2307 liberi
1229 2247 1302 2306 et
1344 2239 1648 2308 absoluti
1679 2241 1768 2306 ab
1803 2241 1993 2306 omni
2023 2239 2255 2306 debito
2284 2247 2353 2306 et
2386 2242 2543 2306 red-

441 2345 704 2411 ditione
733 2342 1164 2410 circadarum
1188 2339 1211 2376 ¹
1245 2348 1318 2407 et
1348 2341 1796 2426 synodorum.
1899 2340 2167 2406 Tamen
2200 2341 2545 2418 uolumus,

441 2453 513 2512 et
555 2465 685 2528 pro
716 2463 951 2509 amore
993 2443 1110 2509 uel
1139 2441 1529 2507 reuerentia
1571 2442 1799 2508 sancti
1845 2440 2041 2506 Petri
2081 2441 2547 2520 concedimus,

443 2553 524 2612 ut
574 2565 668 2610 ex
725 2553 964 2610 nostro
1013 2543 1131 2608 uel
1175 2561 1650 2608 successorum
1695 2549 2087 2608 nostrorum
2140 2543 2547 2627 episcopatu

445 2647 596 2712 siue
637 2646 872 2730 precio
915 2643 1170 2710 crisma
1211 2650 1287 2708 et
1329 2643 1558 2710 oleum
1610 2643 1979 2727 accipiant.
2086 2641 2547 2708 concedimus

445 2748 660 2814 etiam
685 2745 788 2811 illi
810 2745 963 2812 loco
983 2743 1395 2810 cimiterium
1421 2743 1734 2820 liberum,
1765 2744 1949 2808 sicut
1975 2750 2047 2809 et
2076 2762 2123 2806 a
2147 2744 2427 2826 regibus
2460 2744 2550 2809 ab

445 2848 754 2931 antiquis
781 2845 1208 2931 temporibus
1237 2862 1638 2913 concessum
1658 2842 1911 2924 fuerat,
1932 2843 2035 2909 ita
2053 2850 2133 2910 ut
2152 2843 2548 2929 quicunque

445 2949 532 3015 de
561 2967 977 3033 quocunque
1005 2946 1160 3013 loco
1185 2945 1301 3011 uel
1321 2945 1816 3027 cuiuscumque
1837 2944 2250 3010 conditionis
2274 2945 2551 3028 petierit

443 3070 518 3115 se
551 3048 650 3114 ibi
689 3048 970 3133 sepeliri
1006 3066 1144 3111 uon
1184 3046 1602 3131 impediatur
1643 3043 1757 3110 uel
1800 3044 2273 3127 prohibeatur,
2302 3043 2417 3110 uel
2461 3046 2551 3110 ab

449 3152 778 3235 episcopo
835 3148 948 3214 uel
1010 3148 1100 3212 ab
1151 3145 1640 3211 archidiacono
1695 3144 1811 3209 uel
1866 3163 1911 3209 a
1960 3143 2383 3227 parochiano
2428 3163 2560 3210 suo

453 3252 883 3335 presbytero.
988 3247 1082 3313 Et
1115 3249 1175 3311 si
1213 3247 1372 3331 quis
1415 3264 1650 3311 eorum
1681 3246 2045 3329 presbyter
2082 3244 2198 3309 uel
2238 3245 2558 3324 clericus,

447 3352 648 3427 sorte,
703 3356 830 3415 aut
873 3349 1166 3427 occisuS,
1213 3347 1404 3432 quod
1451 3346 1656 3424 absit,
1703 3352 1830 3412 aut
1872 3344 2281 3411 uulneratus
2326 3346 2556 3423 suerit,

450 3460 572 3518 aut
607 3472 700 3517 ex
733 3453 836 3517 eis
857 3449 1177 3515 omnibus
1200 3447 1494 3513 alicuius
1520 3448 1815 3512 iniuriae
1836 3445 2247 3513 acclamatio
2274 3464 2555 3511 surrex-

452 3554 608 3631 erit,
635 3549 968 3636 quicquid
997 3569 1090 3615 ex
1123 3548 1258 3614 hiis
1291 3548 1610 3614 omnibus
1639 3546 1728 3612 ad
1769 3566 1897 3613 nos
1930 3548 2223 3614 attinere
2255 3546 2557 3624 uidetur,

455 3652 590 3719 hoc
633 3659 856 3719 totum
903 3649 1140 3717 abbati
1189 3649 1312 3732 qui
1359 3649 1431 3714 in
1479 3648 1634 3733 ipso
1685 3656 1934 3713 sancto
1984 3647 2139 3713 loco
2182 3645 2561 3731 praefuerit

459 3752 882 3837 caeterisque
920 3749 1256 3818 fratribus
1303 3749 1694 3815 habendum
1734 3755 1807 3813 et
1846 3746 2355 3832 disponendum
2390 3765 2555 3813 con-

463 3852 788 3917 cedimus.
889 3851 964 3918 Si
995 3857 1253 3929 autem,
1281 3849 1468 3934 quod
1493 3849 1698 3927 absit,
1725 3848 1937 3915 etiam
1967 3848 2053 3915 de
2087 3849 2292 3913 rebus
2321 3866 2553 3913 eorum

461 3952 722 4017 furtum
769 3952 973 4018 fuerit
1021 3950 1307 4028 factum,
1361 3958 1433 4015 et
1487 3948 1724 4014 abbati
1779 3949 1895 4013 uel
1944 3947 2275 4013 fratribus
2330 3948 2557 4013 uisum

457 4053 670 4119 fuerit
715 4062 790 4119 ut
828 4051 1258 4119 examinatio
1301 4070 1392 4115 ex
1434 4048 1565 4115 hoc
1611 4048 1863 4113 debeat
1895 4048 2175 4131 agitari,
2207 4048 2562 4115 habebunt

455 4154 802 4221 licentiam
853 4152 1236 4238 accipiendi
1291 4170 1336 4216 a
1385 4155 1624 4215 nostro
1671 4149 2080 4233 episcopatu
2126 4148 2564 4217 benedictum

457 4253 736 4334 ferrum,
779 4255 892 4321 uel
937 4256 998 4319 si
1048 4272 1188 4337 qua
1239 4250 1382 4319 alia
1423 4250 1566 4316 sint
1601 4250 2061 4317 instrumenta
2089 4257 2215 4317 aut
2248 4251 2566 4317 benedic-

1367 4376 1386 4410 ¹
1423 4380 1510 4429 Sic
1545 4378 1660 4433 MS.
