3552 5764
1193 649 1536 698 cusu-ru
1581 647 2266 700 Aucmsaxomcn.
2614 637 2743 701 1⁰7

1406 906 1987 973 mchxxvl.

1143 1057 1186 1100 ⁴·
1217 1033 1821 1136 ERDWEARD,
1856 1059 2071 1123 about
2101 1058 2255 1123 977.

757 1209 838 1292 >1⁴
881 1208 1296 1274 Rscmm‘ru
1347 1209 1422 1272 in
1465 1213 1871 1292 perpetuum
1928 1207 2207 1273 domino
2255 1214 2494 1274 nostro
2528 1208 2739 1276 Ihesu

654 1308 970 1375 Christo!
1063 1307 1352 1374 Cunctis
1421 1327 1877 1393 supernorum
1926 1315 2363 1374 sacramenta
2408 1310 2740 1375 donorum

654 1410 940 1476 coelitus
987 1409 1582 1493 perscrutantibus
1631 1416 1873 1474 notum
1920 1416 2051 1488 est,
2095 1409 2279 1492 quod
2332 1429 2471 1474 non
2516 1410 2737 1476 solum

653 1511 854 1576 huius
899 1509 1136 1575 mundi
1185 1515 1437 1586 status,
1472 1509 1741 1591 antiqui
1788 1507 2007 1574 hostis
2054 1508 2297 1574 fraude
2343 1517 2555 1593 atque
2598 1530 2743 1576 mo-

655 1611 907 1688 limine,
941 1608 1320 1674 deficiendo
1357 1609 1845 1692 corrumpitur,
1892 1628 2131 1674 uerum
2180 1610 2389 1675 etiam
2424 1611 2497 1675 in
2537 1630 2739 1693 prae-

655 1711 868 1776 sentis
931 1711 1119 1775 uitae
1183 1727 1400 1794 prope
1461 1716 1940 1774 consummato
2006 1710 2375 1788 curriculo,
2439 1710 2744 1777 humana

657 1810 1080 1896 prosperitas
1145 1810 1537 1893 iniquorum
1602 1809 1955 1874 hominum
2014 1810 2161 1875 acri
2225 1811 2607 1876 intentione
2668 1820 2743 1878 et

657 1931 912 1994 angore
937 1911 1524 1992 constringuntur.
1604 1908 1811 1974 Nunc
1836 1929 2028 1992 ergo,
2054 1909 2217 1974 dum
2238 1912 2441 1976 uobis
2468 1919 2740 1996 tempus

659 2019 766 2077 est
807 2012 1079 2089 ueniae,
1112 2009 1510 2075 festinemus
1548 2009 1871 2094 laqueum
1914 2010 2083 2076 totis
2128 2011 2391 2076 nisibus
2436 2011 2744 2078 deuitare

659 2112 923 2188 mortis,
956 2111 1258 2195 dumque
1301 2109 1580 2176 carnale
1625 2109 2055 2194 possidemus
2083 2112 2569 2193 patrimonium
2600 2115 2742 2196 spi·-

661 2213 859 2278 ritale
907 2219 1317 2277 exerceatur
1381 2210 1922 2288 mercimonium,
1970 2230 2109 2294 quo
2154 2211 2337 2277 inter
2393 2213 2743 2296 angelicos

659 2311 904 2378 choros
953 2331 1340 2377 mereamur
1381 2310 1668 2394 adipisci
1723 2311 1984 2393 gaudia
2024 2313 2171 2376 sine
2213 2312 2350 2378 fine
2392 2332 2741 2380 mansura.

661 2413 1104 2497 Quapropter
1119 2433 1250 2496 ego
1270 2411 1682 2476 Eaduueard
1705 2431 1825 2476 rex
1852 2409 2265 2494 AngImmn,
2288 2421 2749 2479 caeterarum-

663 2533 794 2598 que
837 2513 1146 2597 gentium
1195 2515 1266 2578 in
1317 2511 1607 2577 circuitu
1655 2511 2161 2595 persistentium
2212 2516 2631 2596 gubernator
2672 2521 2745 2581 et

663 2621 910 2691 rector,
965 2613 1236 2678 cuidam
1287 2632 1442 2678 meo
1509 2611 1695 2676 fideli
1753 2611 2053 2678 antistiti
2104 2614 2411 2679 uocitato
2470 2615 2745 2680 nomine

667 2714 968 2780 AElfstan
1016 2730 1202 2780 .x111.
1255 2731 1534 2779 mansas
1583 2713 2077 2796 perpetualiter
2124 2715 2449 2794 concedo,
2496 2715 2567 2780 in
2620 2715 2745 2780 illo

664 2815 816 2879 loco
859 2815 980 2880 ubi
1023 2813 1418 2878 iamdudum
1463 2813 1801 2878 ruricolae
1848 2811 2037 2878 illius
2082 2820 2306 2880 terrae
2354 2835 2597 2879 nomen
2640 2816 2744 2880 in·

663 2916 980 2980 diderunt
1017 2921 1111 2980 aet
1145 2913 1574 2999 cyngestun,
1609 2922 1951 2997 quatenus
1988 2914 2243 2980 habeat
2274 2934 2357 2979 ac
2392 2916 2745 2999 possideat

669 3016 996 3099 quamdiu
1026 3015 1260 3079 uitalis
1291 3015 1577 3099 spiritus
1632 3013 1883 3079 aluerit
1932 3033 2225 3097 corpus3
2297 3034 2451 3080 cum
2514 3024 2743 3081 autem

667 3116 1136 3181 dissolutionis
1185 3134 1354 3181 suae
1391 3115 1538 3180 dies
1595 3113 1978 3192 aduenerit,
2012 3114 2417 3198 cuicumque
2446 3116 2747 3183 uoluerit

665 3214 942 3282 haeredi
993 3216 1450 3300 derelinquat,
1499 3234 1626 3279 ceu
1677 3212 2221 3297 supradiximus,
2272 3213 2347 3279 in
2394 3224 2745 3281 aeternam

666 3316 1186 3383 haereditatem.
1285 3316 1396 3382 Sit
1427 3322 1658 3382 autem
1695 3314 2051 3399 praedicta
2096 3314 2379 3381 donatio
2426 3318 2517 3381 ab
2560 3317 2745 3381 omni

665 3417 998 3483 mundiali
1059 3416 1420 3483 obstaculo
1483 3416 1724 3493 libera,
1782 3434 1939 3481 cum
1990 3416 2305 3482 omnibus
2366 3416 2456 3481 ad
2498 3435 2575 3482 se
2618 3418 2747 3483 rite

661 3517 1166 3603 pertinentibus
1219 3516 1505 3603 campis,
1563 3516 1865 3600 pascuis,
1918 3516 2159 3600 pratis,
2216 3516 2524 3601 exceptis
2591 3519 2743 3583 istis

663 3620 910 3697 tribus,
938 3618 1403 3701 expeditione,
1436 3617 1666 3701 pontis
1717 3617 1984 3682 arcisue
2038 3618 2567 3684 constructione.
2670 3617 2746 3683 Si

665 3720 820 3802 quis
851 3738 1020 3784 uero
1049 3717 1402 3785 hominum
1446 3717 1626 3783 hanc
1657 3735 1883 3783 meam
1914 3716 2354 3783 donationem
2389 3736 2543 3782 cum
2572 3718 2748 3785 stul-

666 3820 859 3886 titiae
921 3820 1310 3885 temeritate
1351 3817 1734 3884 iactitando
1792 3816 2163 3901 infringere
2216 3818 2605 3898 certauerit,
2656 3819 2749 3885 sit

667 3920 814 4003 ipse
863 3919 1194 4003 grauibus
1243 3939 1368 4003 per
1399 3917 1581 3984 colla
1622 3918 1989 4003 depressus
2032 3919 2295 3984 catenis
2336 3919 2517 3983 inter
2555 3918 2747 3984 flam-

667 4021 1006 4086 miuomas
1065 4026 1400 4085 tetrorum
1471 4018 1879 4084 daemonum
1953 4026 2293 4097 cateruaS,
2358 4018 2491 4083 nisi
2553 4020 2745 4105 prius

669 4118 754 4185 ad
817 4120 1357 4187 satisfactionem
1422 4118 1659 4184 uenire
1734 4118 2073 4183 maluerit.
2200 4118 2371 4184 Istis
2440 4120 2748 4185 terminis

663 4221 1019 4305 praedicta
1058 4228 1246 4286 terra
1287 4221 1795 4303 circumgyrata
1826 4237 1979 4283 esse
2011 4216 2305 4286 uidetur.
2410 4220 2542 4288 Dis
2592 4221 2749 4286 sind

663 4328 758 4387 ’sa
822 4309 1290 4404 landgemffiro
1356 4310 1432 4386 t6
1501 4309 1953 4405 cyngesti‘me
2017 4338 2194 4385 oecer
2250 4319 2463 4385 onder
2510 4340 2749 4386 secere.

667 4421 912 4487 AErest
959 4420 1041 4487 of
1081 4422 1394 4488 Eoccene
1439 4440 1530 4485 on
1588 4410 1985 4509 mereporm
2052 4420 2135 4484 of
2186 4409 2599 4510 mffireporne
2656 4442 2747 4489 on

2812 4308 2888 4323 ἢ
