3552 5764
945 619 1284 669 crunt-ru
1328 621 2014 672 Anchosaxomcas.
2448 609 2535 673 19

447 793 650 856 quam
679 774 1032 839 sinistrum
1059 775 1312 840 audere
1342 778 1897 860 praesumpserit,
1920 779 2121 844 uiuus
2146 779 2235 844 ad
2268 780 2523 846 inferos

445 883 684 958 raptus
715 876 896 940 inter
923 877 1152 941 omnia
1182 885 1515 960 perpetua
1541 878 1825 942 malain
1858 889 2257 962 perpetuum
2286 881 2525 965 damp-

443 982 664 1040 netur.

529 1073 738 1140 Anno
779 1075 870 1139 ab
911 1075 1381 1141 incarnatione
1430 1076 1685 1142 domini
1745 1083 2355 1146 ‚ncccc‘”⁰.1‚“³⁰1x²²⁰.
2399 1080 2519 1143 im-

439 1175 614 1256 perii
643 1183 876 1239 autem
921 1175 1202 1258 gloriosi
1239 1177 1420 1259 regis
1455 1176 1757 1260 Eadgari
1791 1195 1951 1245 .1111.
1982 1197 2110 1260 ego
2140 1178 2518 1244 Ealdredus

437 1275 658 1338 abbas
705 1275 882 1338 hanc
930 1275 1276 1340 scedulam
1333 1277 1600 1360 scripsi,
1651 1277 1986 1343 kalendas
2034 1276 2321 1360 Aprilis,
2374 1281 2519 1362 epi-

437 1393 654 1458 scopo
679 1375 1050 1440 Dunstano
1093 1386 1404 1458 rogante,
1437 1395 1646 1460 quam
1687 1377 1871 1442 idem
1912 1377 2297 1462 episcopuS,
2334 1379 2519 1443 Lon·-
2580 1391 2587 1396 ·

439 1473 690 1540 doniae
717 1481 790 1540 et
817 1474 1221 1557 Wigorniae
1245 1495 1509 1542 necnon
1532 1485 1600 1541 et
1631 1478 1843 1542 totius
1870 1475 2169 1560 Angliae
2197 1478 2517 1556 decanus,

439 1593 650 1658 super
676 1575 896 1639 altare
923 1576 1108 1640 beati
1137 1574 1373 1640 Petri
1353 1597 1424 1640 m
1443 1576 1682 1642 eadem
1711 1576 2064 1655 aecclesia,
2094 1597 2273 1661 quae
2300 1580 2518 1644 mani-

437 1673 570 1738 bus
611 1673 946 1758 angelicis
975 1683 1378 1740 consecrata
1417 1645 1814 1754 dinoscitur,
1856 1677 2107 1760 optulit
2142 1688 2353 1760 atque
2389 1679 2515 1743 ibi-

435 1772 593 1838 dem
646 1775 718 1838 in
771 1794 1022 1840 aeuum
1079 1784 1364 1859 propter
1419 1777 1819 1862 iniquitates
1882 1777 2517 1862 simultatione-sque

433 1872 824 1938 futurorum
855 1883 1064 1959 atque
1091 1874 1452 1958 inopinata
1477 1878 1662 1940 mala
1702 1895 1883 1961 qnae
1932 1895 2141 1959 saepe
2174 1878 2517 1960 praedice-

433 1973 558 2038 bat
599 1973 836 2040 futura
877 1993 1029 2040 eam
1071 1976 1334 2040 seruari
1365 1975 1454 2040 ad
1487 1975 1945 2042 defensionem
1980 1977 2113 2042 loci
2144 1978 2515 2063 praecepit,

433 2073 808 2139 indictione
837 2093 1006 2140 uero
1037 2074 1362 2140 secunda.

1213 2373 1726 2440 mccxxlv.

961 2489 1398 2602 Einwm,
1437 2523 1610 2609 May
1637 2523 1826 2602 17th,
1853 2523 2004 2590 959.

557 2673 642 2756 ιιι
707 2670 1334 2736 Oarnonoxonuu
1383 2671 1642 2755 uigoris
1698 2673 2185 2739 aecclesiastici
2244 2674 2507 2738 monitu

429 2773 838 2838 omberrime
867 2771 1289 2850 instruimur,
1317 2778 1396 2836 ut
1425 2771 1526 2836 illi
1553 2773 1808 2857 oppido
1838 2775 2130 2839 subiecti
2158 2774 2503 2857 suppedit·

426 2881 627 2939 antes
653 2871 1082 2951 famulemur,
1107 2873 1227 2957 qui
1259 2873 1472 2939 totius
1515 2874 1746 2939 mundi
1778 2873 2103 2939 fabricam
2130 2873 2301 2939 miro
2332 2872 2506 2939 inef-

425 2972 759 3057 fabilique
803 2975 978 3039 serie
1018 2973 1405 3057 disponens,
1453 2974 1994 3051 microcosmum,
2047 2972 2274 3039 Adam
2318 2974 2509 3039 uide-

423 3072 612 3152 licet,
639 3074 920 3139 tandem
952 3071 1398 3157 quadriformi
1432 3072 1845 3157 plasmatum
1879 3074 2167 3139 materia
2200 3073 2382 3138 almo
2415 3074 2505 3138 ad

423 3174 538 3237 sui
563 3173 1074 3241 similitudinem
1103 3174 1504 3239 instinctum
1537 3173 1929 3258 spiramine,
1961 3173 2296 3237 uniuersis
2327 3192 2505 3256 quae

423 3272 496 3337 in
545 3274 800 3339 infimis
847 3273 1288 3351 formauerat,
1347 3293 1485 3338 uno
1539 3274 1875 3357 probandi
1940 3292 2153 3337 causa
2210 3280 2503 3356 excepto

423 3374 802 3457 uetitoque,
837 3374 1235 3457 praeficiens
1269 3372 1752 3439 Paradisiacae
1796 3372 2230 3439 amoenitatis
2264 3373 2503 3438 iocun-

421 3472 638 3539 ditate
689 3474 1134 3539 conlaterana
1195 3473 1350 3539 Eua
1408 3472 1670 3539 scilicet
1719 3474 1969 3539 comite
2030 3473 2503 3539 decentissime

421 3573 810 3639 eollocauit.
913 3573 1312 3651 Isaruarica,
1365 3592 1492 3656 pro
1544 3574 1776 3640 dolor!
1840 3574 2164 3662 seductus
2215 3572 2500 3638 cauilla-

423 3674 634 3751 tione,
661 3674 1046 3757 uersipellis
1077 3674 1554 3758 suasibilisque
1581 3674 2147 3757 tergium-satione
2172 3673 2501 3755 uiraginis

427 3772 758 3855 pellectus
789 3774 1248 3840 anathematis
1281 3774 1516 3857 alogia
1549 3776 1788 3839 ambro
1824 3763 2103 3859 pomum
2134 3773 2500 3838 momordit

427 3872 740 3949 uetitum,
781 3882 850 3939 et
898 3875 1032 3940 sibi
1089 3894 1176 3939 ac
1229 3874 1547 3958 posteris,
1595 3874 1666 3938 in
1723 3874 1857 3938 hoc
1910 3890 2319 3939 aerumnoso
2384 3873 2495 3938 de-

419 3972 646 4037 iectus
695 3975 989 4053 saeculo,
1040 3974 1253 4040 letum
1311 3974 1688 4058 promeruit
1745 3980 2173 4057 perpetuum.
2302 3973 2495 4039 Uati-

416 4072 808 4138 cinantibns
829 4074 1164 4158 siquidem
1189 4074 1567 4159 prophetis,
1594 4080 1666 4139 et
1689 4073 1978 4140 coelitus
2005 4072 2281 4157 superni
2308 4074 2493 4157 regis

413 4172 744 4239 diuturna
793 4174 1216 4241 clandestino
1265 4174 1632 4259 praesagia
1667 4173 1990 4257 dogmate
2032 4175 2496 4257 promentibus

413 4272 632 4339 nitide
699 4274 1126 4353 orthodoxis,
1189 4274 1536 4357 eulogium
1607 4293 1698 4339 ex
1760 4274 2073 4358 supernis
2143 4274 2489 4340 deferens:

413 4392 550 4438 non
611 4381 691 4439 ut
753 4372 1166 4441 Iudaeorum
1226 4375 1553 4441 seditiosa
1608 4376 1879 4457 elingue
1942 4375 2203 4441 fatetur
2248 4376 2493 4459 loqua-

2134 4501 2164 4535 ο
2186 4492 2217 4536 s
