3552 5764
1066 628 1411 679 cunum:
1465 627 2154 681 Anemsnxomcns.
2531 618 2664 682 119

1260 886 1947 953 MCCLXXXIII.

1228 1035 1755 1115 AEDELRED,
1816 1036 1971 1103 985.

659 1187 739 1267 »Β
780 1184 941 1251 Pan
988 1185 1297 1252 diuinam
1337 1188 1868 1271 omnipatrantis
1912 1188 2231 1272 sophiam
2273 1188 2644 1257 elemento-

550 1306 699 1351 rum
748 1286 1055 1352 omnium
1096 1287 1600 1354 rationabiliter
1634 1296 1910 1353 constat
1953 1288 2124 1354 ordo
2163 1307 2314 1355 esse
2353 1290 2644 1375 disposi-

552 1396 690 1465 tus,
752 1406 837 1453 ac
887 1387 1361 1473 protoplastus
1419 1390 1790 1471 terrigena,
1837 1408 2256 1473 quamquam
2311 1391 2642 1472 puluereo

546 1488 897 1553 confectus
924 1490 1227 1572 tegmine
1256 1490 1543 1555 somatis
1570 1488 1761 1567 exili,
1796 1498 2106 1555 attamen
2137 1490 2642 1573 speciosissime

550 1588 795 1654 mentis
820 1589 1087 1655 ratione
1119 1590 1412 1655 caeteris
1445 1589 1862 1674 praefectus,
1891 1590 1980 1655 ad
2013 1598 2158 1655 tam
2191 1591 2435 1656 miram
2459 1600 2638 1657 tam·

546 1708 683 1772 que
708 1690 1143 1773 perspicuam
1174 1690 1523 1757 theoricae
1550 1688 2152 1775 contemplationis
2179 1698 2378 1758 extat
2405 1711 2637 1759 amoe-

546 1788 835 1855 nitatem
860 1791 1306 1874 compositus,
1338 1794 1421 1856 ut
1446 1810 1573 1874 per
1602 1789 1890 1857 huiusce
1905 1791 2352 1875 asperitatem
2374 1792 2635 1859 incola-

546 1896 685 1969 tus,
705 1891 1035 1975 quamdiu
1068 1890 1363 1957 labentis
1396 1891 1555 1957 aeui
1583 1890 1836 1975 pelago
1866 1890 2098 1957 carnis
2128 1890 2334 1957 lintre
2355 1890 2635 1961 Christo

544 1991 803 2074 remige
850 1992 1285 2075 nauigamus,
1337 1992 1741 2077 probrosam
1781 1990 2252 2077 philargyriae
2291 1994 2635 2061 sentinam

543 2098 973 2171 execrantes,
1028 2093 1450 2178 inopumque
1506 2092 1862 2177 penuriam
1913 2093 2250 2157 bonorum
2307 2092 2632 2160 distribu-

540 2189 727 2257 tione
780 2200 1173 2258 nostrorum
1218 2192 1728 2277 refrigerantes,
1780 2212 1866 2258 ac
1917 2193 2153 2277 probis
2193 2194 2632 2276 pedetemtim

542 2292 929 2357 actionibus
974 2292 1421 2377 sequipedam
1463 2293 1782 2359 iusticiae
1821 2293 2170 2359 tramitem
2212 2293 2629 2376 incedentes,

536 2389 742 2457 deum
770 2392 1053 2460 deorum
1096 2394 1169 2459 in
1202 2392 1372 2460 Sion
1402 2412 1788 2461 mereamus
1820 2394 2254 2477 specietenus
2285 2394 2631 2478 speculari

534 2492 840 2572 coelesti,
902 2494 1256 2578 tantisque
1301 2494 1623 2578 gnauiter
1666 2494 1928 2579 perfrui
1991 2492 2182 2578 digni
2247 2494 2626 2562 habeamur

536 2592 809 2676 gaudiis
882 2593 1289 2679 Olympicae
1362 2594 1818 2663 amoenitatis.
1949 2593 2418 2674 Quamobrem
2491 2614 2626 2679 ego

536 2693 970 2774 Ezelredus,
990 2694 1249 2762 Christi
1265 2693 1543 2761 fauente
1557 2694 1944 2773 clementia,
1959 2696 2178 2761 totius
2194 2693 2628 2762 Brittanniae

532 2794 719 2861 orbis
742 2796 1064 2875 basileos,
1095 2796 1367 2861 cuidam
1410 2795 1579 2861 mihi
1620 2796 1874 2861 dilecto
1900 2795 2214 2861 ministro
2245 2794 2624 2877 Leofwino,

530 2897 879 2980 quandam
909 2898 1177 2964 telluris
1216 2897 1627 2981 particulam
1668 2913 1769 2963 .x.
1819 2895 2141 2961 uidelicet
2171 2904 2506 2974 cassatos,
2549 2898 2624 2963 in

530 2995 686 3064 loco
712 2997 836 3083 qui
868 2996 1167 3082 Anglica
1207 2997 1670 3082 appellatione
1709 2996 1965 3063 dicitur
2004 3003 2098 3062 aet
2138 2995 2500 3074 Wuttune,
2547 2998 2617 3061 in

530 3105 881 3164 aeternam
942 3098 1243 3164 concedo
1300 3098 1819 3175 haereditatem,
1873 3103 2216 3179 quatenus
2269 3095 2388 3160 ille
2446 3099 2618 3163 bene

527 3197 921 3282 perfruatur
962 3219 1047 3266 ac
1100 3197 1591 3283 perpetualiter
1636 3195 2014 3282 possideat,
2063 3196 2228 3262 dum
2270 3195 2476 3262 huius
2517 3197 2616 3263 la-

528 3299 753 3366 bentis
809 3301 967 3365 aeui
1027 3319 1301 3364 cursum
1366 3305 1677 3365 transeat
1730 3297 2062 3375 inlaesus,
2120 3303 2332 3381 atque
2383 3298 2616 3363 uitalis

524 3399 809 3484 spiritus
840 3400 913 3466 in
946 3399 1375 3484 corruptibili
1401 3418 1610 3465 carne
1634 3398 2034 3474 inhaereat;
2084 3405 2156 3463 et
2183 3404 2344 3482 post
2365 3417 2442 3462 se
2473 3399 2613 3462 cui-

524 3519 819 3585 cumque
846 3501 1147 3566 uoluerit
1176 3501 1565 3586 perenniter
1602 3498 1881 3564 haeredi
1918 3497 2371 3582 derelinquat,
2407 3497 2610 3564 sicuti

520 3601 1013 3684 praediximus,
1061 3601 1137 3666 in
1194 3607 1547 3667 aeternam
1601 3598 2120 3665 haereditatem.
2225 3598 2335 3664 Sit
2379 3605 2608 3664 autem

520 3702 946 3785 praedictum
978 3701 1099 3767 rus
1140 3700 1426 3767 liberum
1480 3701 1569 3766 ab
1612 3700 1799 3766 omni
1841 3699 2172 3766 mundiali
2223 3699 2607 3779 obstaculo,

520 3819 675 3868 cum
704 3803 1026 3868 omnibus
1051 3820 1232 3887 quae
1259 3801 1346 3867 ad
1374 3802 1604 3885 ipsum
1631 3801 1859 3866 locum
1888 3800 2231 3885 pertinere
2248 3798 2608 3864 dinoscun-

518 3909 655 3979 tur,
701 3909 847 3968 tam
888 3903 963 3968 in
1018 3902 1289 3986 mag-nis
1328 3921 1540 3987 quam
1588 3902 1661 3966 in
1708 3900 1995 3966 modicis
2041 3900 2272 3976 rebuS,
2321 3901 2605 3982 campis,

518 4003 815 4087 pascuis,
868 4003 1113 4087 pratis,
1164 4002 1384 4080 siluis,
1436 3999 1965 4083 diriuatiuisque
2024 4000 2336 4066 cursibus
2387 4018 2606 4083 aqua·

514 4121 691 4180 rum,
746 4110 1042 4188 excepto
1086 4104 1242 4169 istis
1293 4103 1541 4180 tribus,
1590 4101 2051 4186 expeditione,
2110 4100 2338 4184 pontis
2389 4101 2602 4167 arcis-

516 4221 603 4268 ue
658 4203 1243 4270 coaedificatione.
1387 4202 1463 4267 Si
1515 4209 1774 4278 autem,
1829 4200 2012 4285 quod
2063 4220 2202 4266 non
2257 4210 2602 4285 optamus,

512 4306 822 4370 euenerit
860 4304 1111 4389 aliquis
1139 4303 1501 4390 superbiae
1530 4303 1700 4369 flatu
1732 4301 2032 4380 afflatuS,
2064 4302 2400 4368 auaritiae
2433 4301 2602 4367 faci-

514 4404 645 4471 bus
695 4425 1088 4483 succensus,
1138 4405 1443 4472 inuidiae
1479 4405 1799 4471 dentibus
1831 4411 2164 4481 armatus,
2197 4401 2374 4470 hanc
2406 4422 2602 4468 meae
