3552 5764
960 607 1088 671 158
1464 622 1806 671 cnm-ru
1851 620 2086 670 Auem
2097 620 2536 670 saxomcu.

956 781 1292 864 nipotenti
1325 779 1413 844 ad
1450 778 1937 844 monasterium
1977 778 2270 861 praefati
2311 778 2634 863 martyris
2677 782 3037 846 aeternali-

960 890 1065 943 ter
1097 880 1581 964 possidendam
1608 880 1931 957 concede,
1965 898 2256 963 quarum
2276 879 2454 943 duae
2467 879 2669 943 simul
2701 880 3036 957 adiacent,

961 978 1092 1044 hoc
1119 988 1229 1045 est
1260 986 1353 1043 aet
1382 978 1748 1046 Nor’6tune
1784 986 1854 1043 et
1897 998 2034 1042 una
2063 998 2301 1043 mansa
2329 987 2422 1044 aet
2455 978 3040 1062 Rodanhangron,

962 1082 1176 1145 tercia
1204 1099 1371 1144 uero
1409 1098 1715 1145 seorsum
1758 1080 1898 1143 sita
1935 1080 2192 1144 usitato
2221 1079 2557 1145 uocabqu
2589 1086 2682 1145 aet
2710 1078 3040 1163 Oxange-

959 1179 1156 1262 haege
1186 1179 1598 1245 nominatur.
1702 1176 1976 1243 Harum
1995 1179 2267 1262 quidem
2290 1187 2625 1244 terrarum
2659 1180 3034 1263 portionem

963 1277 1120 1344 offa
1180 1300 1302 1344 rex
1363 1280 1780 1343 Mei-ciorum
1834 1278 2180 1361 quondam
2233 1280 2451 1360 regali
2506 1280 2653 1344 iure
2707 1280 3033 1362 possedit,

958 1400 1246 1463 eamque
1283 1379 1369 1444 ad
1412 1379 1838 1462 praedictum
1877 1380 2359 1443 monasterium
2412 1398 2535 1462 pro
2581 1398 2812 1445 amore
2860 1382 3036 1445 tanti

959 1481 1280 1563 martyris
1316 1480 1433 1563 qui
1465 1479 1631 1544 inibi
1661 1478 2031 1562 requiescit
2059 1487 2342 1544 aeterna
2371 1479 2528 1562 lege
2560 1479 2841 1545 liberam
2871 1500 3032 1546 con-

958 1580 1185 1645 cessit.
1288 1579 1421 1644 Sed
1476 1598 1562 1645 eo
1608 1578 2039 1662 postmodum
2092 1577 2438 1656 defuncto,
2494 1598 2616 1662 per
2657 1581 3036 1663 potentiam

959 1679 1407 1763 quorumdam
1440 1678 1828 1763 iniquorum
1869 1678 2205 1743 uiolenter
2242 1681 2594 1745 abstracta
2627 1687 2735 1746 est
2761 1687 2831 1744 et
2857 1686 3034 1745 tam-

961 1781 1079 1845 diu
1113 1782 1201 1845 ab
1230 1782 1384 1863 ipso
1416 1778 1570 1844 loco
1596 1777 1851 1843 iniuste
1877 1778 2185 1856 exclusa,
2214 1778 2430 1844 donec
2463 1779 2739 1844 tandem
2768 1781 2958 1846 fieret
2991 1801 3036 1847 a

960 1880 1284 1946 Leossino
1321 1880 1494 1945 duce
1528 1898 1891 1962 possessa;
1938 1880 2058 1962 qui
2091 1877 2276 1957 dum,
2309 1878 2514 1963 culpa
2541 1899 2670 1944 sua
2691 1880 3028 1963 exigente,

960 1982 1187 2063 patria
1240 1980 1479 2064 pulsus
1534 1978 1873 2057 exularet,
1930 1978 2258 2043 AElsricus
2313 1979 2478 2044 mihi
2549 1979 2765 2045 fidelis
2820 1981 3036 2046 archi-

960 2081 1321 2164 episcopus
1352 2087 1424 2145 et
1451 2078 1806 2144 Leofricus
1851 2080 2068 2144 abbas
2109 2078 2320 2145 frater
2359 2080 2506 2144 eius
2549 2079 2836 2146 eandem
2879 2100 3037 2164 por-

957 2182 1209 2245 tionem
1240 2182 1405 2245 dato
1439 2178 1685 2263 pretio,
1714 2199 1826 2243 me
1861 2180 2301 2258 concedente,
2329 2190 2660 2257 emerunt,
2691 2187 2763 2246 et
2795 2186 2874 2245 ut
2905 2180 3036 2245 deo

959 2299 1137 2363 quae
1164 2282 1274 2344 dei
1307 2287 1504 2345 erant
1537 2280 1964 2345 restituerem
1997 2286 2249 2362 rogatu
2279 2278 2696 2345 humillimae
2727 2280 3038 2345 deuotio-

958 2381 1065 2444 nis
1095 2379 1556 2445 obtinuerunt.
1662 2378 1836 2444 Post
1865 2380 2128 2443 obitum
2164 2399 2330 2444 uero
2356 2380 2684 2445 nominati
2719 2381 3036 2463 superius

962 2479 1455 2562 archiepiscopi
1500 2478 1986 2563 interpellante
2037 2478 2250 2545 fratre
2286 2480 2501 2563 ipsius
2549 2480 2726 2544 hanc
2775 2487 3038 2545 cartam

958 2598 1151 2643 meae
1185 2578 1576 2645 donationis
1614 2588 1684 2643 et
1718 2578 2185 2644 renouationis
2215 2580 2508 2644 scribere
2543 2580 2742 2659 iussi;
2794 2580 2864 2644 in
2898 2600 3040 2664 qua

960 2680 1329 2764 praecipio,
1360 2685 1500 2742 tam
1529 2698 1683 2743 mea
1714 2698 1920 2761 quam
1953 2678 2065 2743 dei
2091 2678 2577 2762 omnipotentis
2604 2681 3032 2758 auctoritate,

963 2786 1041 2844 ut
1072 2777 1263 2843 nulla
1292 2778 1497 2844 altior
1526 2777 1892 2843 inferiorue
1929 2797 2221 2860 persona
2249 2780 2735 2863 cuiuscumque
2763 2781 2855 2844 sit
2884 2778 3038 2862 dig·-

960 2879 1220 2957 nitatiS,
1246 2878 1426 2945 hanc
1458 2878 1842 2962 portionem
1863 2886 2104 2944 sancto
2133 2879 2419 2965 martyri
2447 2879 2844 2945 subtrahere
2869 2900 3038 2963 qua-

958 2978 1127 3046 libet
1158 2979 1517 3045 occasione
1558 2988 1977 3062 praesumat,
2007 2980 2158 3046 siue
2197 2980 2271 3044 in
2302 2980 2471 3044 meis
2503 2981 2650 3044 siue
2679 2999 3032 3045 successo-

956 3097 1109 3143 rum
1165 3097 1471 3144 meorum
1523 3079 1969 3162 temporibuS,
2019 3079 2138 3144 sed
2181 3086 2618 3162 permanente
2669 3080 2920 3162 iugiter
2965 3091 3040 3146 et

954 3179 1395 3262 praeualente
1424 3179 1875 3244 restitutionis
1899 3179 2183 3244 huiusce
2210 3180 2592 3264 priuilegiO,
2615 3181 2845 3244 omnia
2873 3199 3034 3246 con-

953 3278 1317 3344 trariorum
1374 3278 1729 3343 molimina
1794 3279 2256 3344 adnullentur.
2387 3278 2630 3363 Sitque
2685 3279 3039 3362 praedicta

950 3385 1289 3444 terrarum
1338 3379 1683 3462 possessio
1724 3378 2218 3462 perpetualiter
2259 3398 2343 3444 ea
2395 3379 2714 3445 libertate
2755 3380 3034 3462 donata,

955 3498 1093 3562 qua
1126 3485 1541 3544 memoratus
1574 3497 1701 3542 rex
1746 3476 2162 3545 Merciorum
2203 3485 2348 3544 tam
2373 3480 2774 3545 coenobium
2812 3483 3036 3546 sancti

952 3577 1211 3644 Albani
1240 3595 1447 3661 quam
1486 3595 1719 3643 omnes
1753 3597 1929 3660 quas
1967 3577 2132 3644 illuc
2164 3578 2537 3644 intromisit
2563 3581 3034 3664 possessiones

951 3679 1137 3743 omni
1174 3679 1543 3744 deuotione
1584 3677 1858 3755 ditauit,
1900 3677 2120 3743 tribus
2169 3680 2504 3763 exceptis,
2547 3688 2702 3745 rata
2749 3681 3034 3763 expedi-

950 3778 1159 3856 tione,
1180 3779 1408 3862 pontis
1438 3778 1705 3844 arcisue
1734 3779 2266 3859 restauratione3
2301 3787 2647 3845 caeterum
2669 3789 2922 3846 cuncta
2946 3782 3035 3846 ad

953 3898 1027 3943 se
1054 3879 1489 3962 pertinentia,
1518 3879 1768 3962 campi,
1795 3897 2078 3961 pascua,
2110 3885 2334 3962 prata,
2369 3879 2607 3957 siluae,
2642 3888 2714 3947 et
2745 3879 3032 3964 reliqua,

952 3977 1167 4044 libera
1198 3985 1667 4063 permaneant.
1759 3978 1835 4043 Si
1867 3980 2023 4063 quis
2043 3979 2256 4063 igitur
2275 3977 2446 4045 haec
2473 3979 2747 4045 decreta
2773 3980 3034 4046 uiolare

950 4080 1505 4162 praesumpserit,
1535 4079 2016 4162 omnipotentis
2050 4078 2158 4144 dei
2197 4087 2268 4145 et
2299 4079 2600 4145 omnium
2639 4088 3030 4146 sanctorum

951 4195 1238 4260 meaque
1272 4186 1343 4244 et
1372 4181 1671 4246 omnium
1712 4179 2238 4245 christianorum
2273 4179 2744 4246 benedictione
2779 4188 3034 4258 careat,

952 4287 1024 4342 et
1059 4285 1341 4343 aeterna
1383 4279 1860 4345 maledictione
1893 4280 2258 4345 damnatus
2299 4281 2614 4358 intereat,
2651 4281 2785 4345 nisi
2827 4279 3034 4362 digne

952 4378 1159 4442 citius
1224 4378 1690 4444 emendauerit
1762 4379 1949 4463 quod
2022 4387 2260 4445 contra
2325 4381 2526 4446 deum
2585 4389 2655 4446 et
2719 4387 3034 4446 sanctum
