3552 5764
895 628 1239 678 cnaeus
1287 631 1975 686 ANGmSAonwAE.
2408 627 2497 691 53

387 783 842 852 consolidaui.
931 788 1008 869 4
1039 785 1193 869 Ego
1231 788 1637 872 Byrhthelm
1666 793 2033 878 episcopus
2070 797 2493 863 confirmaui.

407 889 484 970 4
539 886 695 970 Ego
729 885 1044 950 Osuuold
1078 889 1442 972 episcopus
1471 891 1816 974 adquieni.
1929 896 2007 978 4
2047 896 2199 979 Ego
2248 898 2492 964 AEvel-

395 985 602 1051 uuold
679 986 916 1050 abbas,
1074 988 1153 1069 4
1233 989 1387 1072 Ego
1467 991 1783 1058 AElfhere
1854 992 2020 1059 dux.
2177 999 2254 1080 4
2339 999 2492 1081 Ego

401 1085 730 1152 AElsheah
761 1085 931 1151 dux.
1024 1088 1102 1170 4
1138 1087 1291 1170 Ego
1317 1089 1676 1156 AEiielstan
1700 1093 1866 1160 dux.
1969 1096 2047 1178 4
2078 1095 2229 1177 Ego
2254 1098 2495 1163 AEssel-

399 1185 604 1250 uuine
647 1185 818 1250 dux.
931 1188 1010 1269 4
1061 1187 1214 1270 Ego
1262 1189 1659 1256 Beorhtnov
1703 1191 1873 1258 dux.
1984 1197 2063 1278 4
2114 1196 2267 1278 Ego
2314 1199 2493 1262 AElf-

397 1285 608 1352 uuine
640 1286 970 1350 minister.
1060 1288 1139 1370 4
1169 1287 1324 1372 Ego
1363 1290 1738 1375 Byrhtfeffi
1782 1293 2114 1361 minister.
2214 1298 2291 1379 4
2337 1297 2491 1380 Ego

395 1385 752 1468 AE’selsige
795 1385 1124 1453 minister.
1241 1391 1319 1473 4
1361 1390 1514 1474 Ego
1555 1391 1909 1458 Uulfhelm
1960 1395 2288 1462 minister.
2404 1401 2482 1480 4

397 1485 554 1570 Ego
577 1485 927 1552 Wulsstan
959 1486 1292 1556 minister.
1402 1492 1481 1574 4
1523 1491 1676 1574 Ego
1705 1491 2091 1560 wulfhelm
2131 1497 2459 1562 minister.

1205 1786 1711 1857 Μοωῐςωῑ.ι

618 1905 1213 2003 BEORHTR‘I'G
1265 1937 1482 2005 ΛΝΒ
1534 1912 2083 2018 ΕιΡεννΫΒ,
2128 1941 2282 2010 962.

506 2088 584 2170 4
615 2083 832 2151 Hanc
849 2094 957 2152 est
979 2087 1225 2153 ultima
1245 2089 1764 2168 commendatio,
1786 2087 1935 2154 siue
1956 2110 2182 2155 rerum
2204 2111 2484 2158 suarum

395 2206 524 2270 pro
555 2185 684 2251 deo
718 2187 1134 2266 distributio,
1164 2207 1373 2272 quam
1409 2189 1716 2255 fecerunt
1759 2189 1966 2255 simul
1995 2190 2382 2256 Brihtricus
2416 2205 2489 2257 et

393 2285 797 2352 AElrsuniza
814 2308 994 2353 uxor
1017 2289 1187 2367 eiua,
1211 2292 1807 2374 appropinquante
1829 2289 1938 2355 die
1957 2293 2195 2356 mortis
2224 2311 2483 2370 eorum,

395 2387 470 2450 in
503 2386 672 2450 uilla
700 2406 878 2472 quae
907 2397 1198 2455 uocatur
1231 2390 1667 2473 Meapeham‚
1701 2391 1991 2456 testibus
2022 2391 2129 2456 his
2158 2411 2485 2475 praesen-

393 2487 582 2551 tibus
631 2486 718 2552 de
749 2489 1044 2571 propriis
1091 2491 1490 2573 parentibus
1536 2490 1706 2568 suis,
1731 2491 2073 2568 uidelicet,
2108 2491 2484 2557 Uulfstano

393 2587 802 2669 cognomine
838 2588 1054 2666 Ucca,
1088 2597 1160 2654 et
1191 2590 1465 2656 Uulfsio
1509 2591 1722 2656 fratre
1769 2591 1943 2668 eius,
1972 2599 2045 2656 et
2075 2590 2314 2658 Siredo
2344 2591 2486 2658 filio

401 2685 718 2764 AElfredi,
750 2695 820 2752 et
853 2688 1127 2755 Uulssio
1159 2692 1564 2774 cognomine
1595 2691 1836 2768 Blaca,
1865 2699 1935 2756 et
1960 2691 2168 2756 Wine
2199 2694 2487 2777 presby-

399 2795 544 2852 tero
577 2795 651 2853 et
683 2787 1001 2871 AElfgaro
1035 2789 1107 2856 in
1133 2790 1576 2875 Meapaham,
1607 2803 1678 2856 et
1711 2789 1995 2873 Wulfeg
2028 2789 2171 2855 filio
2200 2792 2487 2876 Ordegi,

395 2898 470 2953 et
501 2888 784 2971 AElfego
817 2889 1032 2956 fratre
1076 2892 1249 2970 eiust,
1281 2900 1350 2958 et
1396 2892 1787 2958 Brihtwara
1818 2891 2086 2956 AElsrici
2122 2891 2384 2969 relicta,
2416 2900 2489 2957 et

400 2988 770 3072 Bryhtrico
826 2990 976 3055 eius
1036 2993 1546 3075 consanguineo
1601 3000 1672 3058 et
1731 2992 2079 3056 AElfstano
2136 2992 2484 3075 episcopo.

399 3088 706 3153 Primum
753 3092 1054 3156 naturali
1101 3092 1380 3158 domino
1423 3112 1550 3157 suo
1599 3093 1747 3175 regi
1796 3090 2133 3156 armillam
2179 3110 2483 3167 auream,

397 3207 580 3272 qnae
601 3188 895 3257 habebat
917 3193 1268 3275 octoginta
1289 3211 1568 3257 mancas
1592 3191 1765 3269 auri,
1795 3198 1867 3257 et
1892 3210 2097 3255 unum
2130 3190 2483 3256 handseax

397 3289 800 3355 tantundem
837 3293 989 3356 auri
1013 3292 1400 3370 habentem,
1441 3300 1510 3357 et
1542 3300 1873 3376 quattuor
1910 3309 2146 3374 equos,
2178 3291 2351 3355 duos
2396 3312 2487 3356 ex

396 3388 500 3453 eis
525 3390 784 3473 optime
811 3390 1163 3470 faleratos,
1195 3400 1266 3458 et
1295 3392 1470 3457 duos
1503 3393 1769 3477 gladios
1806 3392 2061 3475 optime
2086 3392 2481 3469 adornatos,

399 3497 474 3554 et
499 3489 672 3555 duos
719 3491 1104 3575 accipitres,
1138 3500 1212 3558 et
1255 3512 1489 3557 omnes
1521 3512 1726 3557 canes
1761 3510 1925 3557 suos
1971 3493 2365 3566 uenaticos;
2414 3499 2486 3556 et

399 3588 716 3655 dominae
765 3610 934 3656 suae
978 3592 1254 3675 reginae
1299 3592 1636 3657 armillam
1684 3612 1917 3669 unam,
1966 3611 2145 3675 quae
2187 3590 2483 3656 habebat

401 3690 690 3771 triginta
735 3710 1015 3757 mancas
1053 3692 1230 3769 auri,
1261 3698 1332 3756 et
1359 3711 1572 3756 unum
1603 3711 1855 3776 equum
1898 3691 2351 3768 emissarium,
2400 3711 2483 3756 eo

397 3798 608 3875 pacto
664 3797 744 3855 nt
803 3790 1166 3857 adiuuaret
1222 3810 1375 3856 eum
1435 3792 1616 3875 apud
1675 3811 1907 3874 regem
1966 3791 2290 3874 quatinus
2345 3791 2482 3856 ista

397 3888 900 3955 commendatio
945 3893 1094 3957 siue
1141 3892 1533 3957 distributio
1580 3911 1804 3957 rerum
1853 3909 2136 3956 suarum
2182 3889 2380 3955 firma
2414 3898 2485 3955 et

397 3990 670 4055 stabilis
701 3998 887 4057 esset
917 4000 1078 4075 post
1105 4000 1392 4057 mortem
1431 4012 1622 4057 suam
1649 4012 1668 4072 ς
1713 4000 1787 4056 et
1814 4010 1939 4074 pro
1969 3990 2199 4056 anima
2232 4010 2381 4069 sua,
2411 3998 2485 4056 et

397 4091 704 4155 omnium
751 4092 1187 4175 antiquorum
1235 4111 1537 4168 suornm,
1589 4091 1779 4156 dedit
1832 4090 2205 4155 aecclesiae
2259 4092 2485 4157 sancti

395 4188 719 4257 Andreae
765 4191 942 4257 duas
989 4192 1328 4276 sullingas
1375 4201 1595 4257 terrae
1639 4192 1710 4257 in
1758 4191 2158 4272 Danituna3
2212 4198 2281 4255 et
2329 4194 2484 4275 ipsa

395 4291 798 4357 AElfsum’va
865 4293 1179 4358 similiter
1255 4292 1444 4358 dedit
1515 4292 1733 4357 eidem
1813 4292 2187 4357 aecclesiae
2262 4293 2485 4358 sancti

881 4418 896 4451 ¹
932 4422 1080 4472 Latin
1098 4422 1392 4472 mlation
1412 4421 1472 4473 of
1488 4421 1590 4472 No.
1613 4420 1968 4473 ccccxcn.
