3552 5764
861 573 992 638 140
1370 584 1718 639 omnus
1770 582 2450 633 ANGmSAxomoAa.

873 748 953 829 ›1-
1010 746 1163 827 Ego
1216 744 1497 810 AElfeah
1565 742 2084 809 Uuintoniensis
2146 742 2510 825 episcopus
2571 739 2954 804 corroboro.

874 849 953 930 *1⁴
1016 846 1171 929 Ego
1224 846 1475 930 Lyfing
1526 844 1890 927 episcopus
1940 842 2403 907 testimonium
2453 840 2565 905 do,
2675 842 2754 923 *1⁴
2805 839 2957 921 Ego

870 946 1201 1011 Ordbriht
1254 947 1620 1030 episcopus
1672 964 1812 1009 non
1861 943 2202 1026 uitupero.
2313 944 2392 1025 *1⁴
2457 940 2609 1023 Ego
2663 938 2956 1004 AElfhun

867 1047 1229 1129 episcopus
1282 1046 1638 1112 testificor.
1752 1046 1832 1127 »Β
1893 1042 2045 1125 Ego
2097 1040 2341 1108 AElfric
2393 1040 2560 1105 dux.
2672 1042 2751 1123 ›1‹
2807 1038 2958 1122 Ego

872 1145 1207 1210 AElfhelm
1269 1145 1439 1212 dux.
1579 1147 1658 1228 *1⁴
1716 1142 1868 1227 Ego
1935 1142 2315 1207 Leofuuine
2372 1141 2539 1206 dux.
2679 1142 2758 1223 *1⁴
2805 1138 2958 1222 Ego

869 1245 1188 1328 Leofsige
1214 1245 1380 1311 dux.
1494 1247 1573 1328 *1⁴
1616 1244 1770 1327 Ego
1821 1242 2119 1325 Uulfgar
2153 1243 2369 1307 abbas
2408 1238 2769 1306 conlaudo.
2868 1241 2947 1322 *1⁴

870 1346 1022 1429 Ego
1056 1345 1347 1429 AElfsige
1376 1347 1612 1411 abbas.
1723 1346 1803 1427 *1⁴
1853 1344 2004 1426 Ego
2037 1341 2306 1407 Kenulf
2335 1342 2571 1407 abbas.
2681 1341 2760 1422 ›1‹
2805 1340 2958 1421 Ego

871 1445 1145 1511 Leofric
1174 1446 1412 1511 abbas.
1522 1448 1601 1529 ›1‹
1638 1445 1792 1527 Ego
1823 1442 2078 1508 Ordulf
2097 1443 2315 1507 miles.
2427 1444 2506 1525 ›1‹
2543 1440 2696 1521 Ego
2725 1440 2958 1504 AE’6el-

872 1567 1039 1611 maer
1080 1546 1298 1611 miles,
1417 1546 1496 1627 *1⁴
1554 1546 1707 1628 Ego
1754 1542 2053 1610 Unlfeah
2103 1542 2323 1609 mileS.
2440 1543 2519 1624 *1⁴
2577 1540 2730 1621 Ego
2759 1540 2963 1605 Uuls-

871 1654 1035 1729 geat
1062 1646 1279 1713 miles.
1390 1648 1469 1729 *1⁴
1532 1646 1686 1728 Ego
1720 1644 2030 1709 fflelric
2059 1643 2276 1707 miles.
2374 1643 2453 1724 *1⁴
2493 1641 2645 1723 Ego
2692 1640 2960 1704 Leosric

872 1746 1088 1812 miles,
1202 1749 1281 1830 *1⁴
1324 1746 1477 1829 Ego
1514 1746 1788 1830 AElfgar
1829 1744 2046 1809 miles.
2155 1744 2241 1830 ›1‹
2279 1743 2432 1825 Ego
2463 1740 2668 1807 Goda
2694 1740 2906 1807 miles.

1692 2040 2144 2109 Mccxcv.

1548 2187 2069 2266 AEDELRED,
2113 2185 2304 2253 1002.

986 2341 1065 2422 ›1‹
1108 2338 1539 2403 LARorroRn
1591 2336 1923 2402 bonitatis
1975 2335 2188 2401 totius
2237 2335 2309 2400 in
2363 2354 2530 2399 suae
2583 2334 2964 2401 maiestatis

877 2438 1155 2504 stellato
1184 2458 1390 2521 super
1420 2437 1771 2503 cherubim
1803 2436 2142 2502 residente
2171 2435 2368 2512 solio,
2392 2436 2756 2518 omniaque
2784 2455 2963 2518 quae

880 2539 1010 2605 sub
1040 2538 1307 2603 trifaria
1339 2558 1565 2602 rerum
1598 2535 1920 2601 machina
1961 2536 2048 2601 ab
2087 2537 2242 2619 ipso
2286 2535 2474 2602 facta
2509 2537 2960 2612 continentur,

880 2658 1049 2705 suae
1080 2638 1462 2707 diuinitatis
1493 2636 1892 2701 moderante
1923 2636 2346 2701 monarchia!
2427 2635 2578 2701 Nos
2609 2636 2963 2701 miserrimi

881 2758 1220 2823 pauperes
1256 2737 1490 2821 pusilli
1538 2744 1810 2803 tantum
1854 2736 2356 2820 peregrinique,
2385 2736 2558 2801 cinis
2600 2735 2965 2819 puluisque

880 2838 1145 2918 fauilla,
1176 2846 1249 2905 et
1282 2837 1666 2904 ineuitabili
1700 2838 1940 2903 mortis
1963 2836 2242 2902 obnoxii
2263 2835 2702 2920 cirograph03
2745 2837 2964 2920 primo

884 2947 1121 3006 nostro
1154 2939 1779 3004 Adauicissitudine
1819 2957 1988 3002 suae
2035 2939 2302 3003 obiecto
2334 2938 2965 3021 praeuaricationis,

884 3041 1049 3106 nudi
1106 3039 1265 3105 hinc
1314 3038 1852 3104 lacrimabilibus
1901 3039 2093 3104 exire
2142 3037 2611 3121 compellimur
2669 3038 2965 3116 casibuS,

881 3141 1091 3207 nichil
1146 3141 1499 3205 nobiscum
1564 3139 1767 3204 huius
1829 3139 2086 3204 saeculi
2139 3145 2412 3222 praeter
2467 3145 2750 3221 peccata
2807 3157 2965 3222 por-

887 3249 1141 3318 tantes,
1174 3241 1307 3306 nisi
1344 3241 1499 3323 quis
1534 3239 1646 3304 dei
1686 3238 2112 3305 solummodo
2149 3239 2462 3303 saluatus
2509 3239 2968 3316 miseratione,

884 3341 1179 3424 fideique
1208 3340 1357 3424 spei
1388 3348 1459 3405 et
1499 3338 1820 3404 karitatis
1865 3339 2072 3403 armis
2113 3338 2584 3422 praemunitus
2625 3340 2964 3422 inexpug-

883 3440 1248 3517 nabilibus,
1293 3439 1661 3522 multiplici
1714 3439 2080 3521 proborum
2135 3437 2577 3522 praeualente
2633 3437 2967 3522 qualitate

884 3543 1306 3618 meritorum,
1326 3539 1600 3620 dignius
1631 3537 1719 3603 ad
1749 3539 1926 3603 tanti
1951 3537 2252 3604 tribunal
2281 3537 2549 3620 iudiciS,
2575 3546 2651 3603 ut
2680 3539 2972 3604 retribu-

883 3643 1140 3706 tionem
1170 3639 1429 3723 proprii
1460 3639 1719 3703 laboris
1761 3639 2094 3703 sortiatur
2129 3638 2584 3716 inmortalem,
2615 3659 2964 3722 represen-

884 3741 1018 3806 tari
1052 3741 1142 3805 ab
1187 3740 1520 3822 angelicis
1564 3745 1909 3804 mereatur
1950 3738 2337 3821 spiritibus3
2383 3739 2758 3805 secundum
2787 3741 2970 3823 quod

886 3848 1117 3906 noster
1146 3839 1685 3924 patientissimus
1732 3837 1862 3904 Iob
1889 3837 2060 3903 hora
2088 3839 2197 3903 sui
2231 3839 2548 3904 orbitatis
2577 3840 2973 3923 promulgat

884 3941 1345 4018 uaticinando,
1398 3947 1419 3976 ‘
1446 3939 1695 4004 Nudus
1751 3957 2071 4022 egressus
2131 3959 2284 4004 sum
2335 3939 2422 4004 de
2471 3947 2670 4006 utero
2728 3941 2969 4004 matris

888 4061 1106 4119 meae,
1159 4040 1385 4105 nudus
1443 4045 1751 4104 reuertar
1806 4040 1971 4104 illuc
1995 4039 2050 4120 ;’
2103 4058 2533 4122 rursumque,
2589 4045 2608 4075 ‘
2630 4039 2971 4105 Dominus

886 4140 1098 4218 dedit,
1130 4140 1450 4206 dominus
1484 4139 1798 4218 abstulit,
1839 4140 2019 4206 sicut
2057 4139 2330 4204 domino
2377 4140 2640 4223 placuit
2684 4141 2785 4205 ita
2826 4139 2968 4205 fac-

887 4249 1032 4305 tum
1076 4247 1205 4318 est,
1238 4241 1329 4305 sit
1372 4260 1618 4306 nomen
1659 4240 1917 4305 domini
1960 4240 2436 4305 benedictum.’
2537 4240 2612 4306 Si
2649 4260 2819 4323 ergo
2851 4240 2971 4306 ille

884 4341 1358 4406 sanctissimus
1388 4341 1495 4405 uir
1518 4341 1591 4406 in
1612 4340 1850 4406 artiori
1871 4359 2040 4406 suae
2066 4341 2367 4423 dampno
2397 4341 2799 4420 anxietatis„
2817 4347 2970 4416 ‚tam
