3552 5764
1011 663 1357 715 casaur
1405 664 1646 716 Auem
1657 664 2092 717 saxonicas.
2465 648 2594 715 121

489 822 839 908 AEscnuig
872 822 1239 909 episcopus
1264 822 1593 890 conclusi.
1701 823 1788 910 »1⁴
1812 822 1968 908 Ego
1993 822 2198 907 Sigar
2223 824 2592 909 episcopus

492 923 895 1009 subscripsi.
988 925 1075 1009 »Β
1118 923 1274 1008 Ego
1305 924 1555 991 AElfric
1586 923 1952 1009 episcopus
1991 943 2128 990 non
2167 926 2386 991 renui.
2499 926 2580 1009 ›1‹

492 1024 647 1109 Ego
668 1023 1029 1107 AEiielsige
1058 1024 1427 1109 episcopus
1460 1025 1802 1110 impressi.
1913 1024 1999 1111 »Β
2027 1024 2180 1115 Ego
2207 1023 2593 1108 Uulfgarus

492 1125 861 1210 episcopus
894 1124 1244 1208 adquieni.
1331 1123 1420 1212 ,Β
1450 1125 1603 1208 Ego
1634 1123 2052 1191 AEfflelnnine
2081 1125 2248 1191 dux.
2321 1125 2407 1212 »Β
2437 1125 2593 1207 Ego

495 1224 858 1310 Bryhtnoss
887 1225 1055 1292 dux.
1168 1226 1248 1306 ›1‹
1294 1224 1448 1309 Ego
1503 1224 1972 1291 AE'seluueard
2017 1224 2186 1291 dux.
2295 1223 2384 1312 *1⁴
2438 1224 2592 1309 Ego

499 1324 751 1393 AElffic
788 1326 961 1392 dux.
1070 1324 1156 1411 »Β
1199 1324 1351 1409 Ego
1401 1324 1643 1393 Dux-ed
1684 1324 1850 1391 dux.
1946 1324 2032 1411 »Β
2065 1324 2220 1409 Ego
2260 1324 2596 1393 Ordbriht

494 1427 735 1492 abbas.
848 1429 928 1509 »Β
978 1424 1133 1509 Ego
1168 1424 1345 1491 Siric
1384 1427 1619 1492 abbas.
1716 1425 1803 1512 »Β
1838 1425 1994 1508 Ego
2034 1424 2307 1491 Leofric
2352 1426 2592 1493 abbas.

503 1526 589 1613 »Β
630 1526 787 1611 Ego
816 1524 1077 1591 AElfere
1102 1526 1342 1591 abbas.
1407 1526 1496 1613 »Β
1524 1526 1679 1611 Ego
1698 1524 2165 1592 AEveluueard
2195 1526 2434 1592 abbas.
2498 1526 2587 1613 »Β

500 1626 653 1710 Ego
718 1626 1017 1709 AElfsige
1076 1624 1407 1691 minister.
1520 1630 1600 1710 »Β
1662 1626 1820 1708 Ego
1889 1624 2209 1711 Uulfsige
2259 1627 2591 1692 minister.

506 1726 592 1813 »Β
646 1726 803 1809 Ego
851 1726 1126 1810 AElfgar
1173 1726 1507 1791 minister.
1606 1728 1686 1808 »Β
1742 1726 1896 1809 Ego
1955 1726 2312 1808 AE6elsige
2359 1724 2600 1793 minis·

499 1834 623 1892 ter.
740 1829 820 1909 ›1‹
864 1827 1019 1911 Ego
1065 1825 1311 1891 AElfric
1361 1827 1695 1892 minister.
1806 1825 1892 1912 »Β
1931 1826 2086 1909 Ego
2144 1826 2416 1892 Leofric
2463 1828 2593 1891 mi-

503 1927 734 1993 nister.
837 1929 917 2009 »Β
981 1926 1136 2009 Ego
1168 1926 1507 1993 AElfhelm
1550 1927 1884 1992 minister.
1993 1926 2079 2013 »Β
2116 1926 2270 2009 Ego
2323 1926 2596 1993 Uulfric

502 2028 831 2093 minister.
931 2027 1017 2114 »Β
1053 2027 1207 2111 Ego
1237 2026 1573 2094 Leofstan
1604 2028 1940 2093 minister.
2055 2028 2135 2108 »Β
2177 2026 2329 2111 Ego
2349 2026 2598 2094 ΛΕΜ·

502 2148 667 2193 maer
698 2128 1030 2193 minister.

1224 2341 1891 2411 Mchxxxw.

1062 2490 1589 2574 AEDELRED,
1632 2496 1848 2560 about
1877 2493 2028 2561 988.

613 2629 694 2712 ›1‹
748 2626 1165 2693 RmNAN‘rn
1218 2626 1663 2693 aeternaliter
1702 2625 2056 2695 saluatore
2097 2636 2338 2694 nostre
2384 2626 2596 2693 Ihesu

510 2727 825 2795 Christo!
950 2726 1237 2793 Cunctis
1296 2726 1515 2810 liquet
1578 2726 1969 2793 hominibus
2027 2727 2215 2812 quod
2277 2747 2362 2793 ea
2419 2748 2600 2812 quae

510 2829 827 2896 uidentur
868 2827 991 2893 fini
1034 2835 1198 2894 sunt
1238 2827 1563 2908 obnoxia,
1600 2847 1782 2913 quae
1823 2836 2058 2894 autem
2097 2847 2238 2894 non
2284 2826 2604 2895 uidentur

512 2928 1115 2996 incommutabilia.
1203 2926 1653 3013 Quapropter
1686 2947 1820 3011 ego
1850 2928 2288 3006 &eli-edus,
2331 2949 2459 2994 rex
2495 2936 2602 2994 to-

512 3032 655 3097 cius
696 3030 964 3096 insulae
1007 3027 1433 3108 Britanniae,
1474 3028 1824 3113 quandam
1861 3027 2041 3093 ruris
2081 3029 2488 3112 portionem,
2532 3029 2607 3094 in

512 3130 663 3198 loce
738 3131 861 3196 ille
925 3130 1045 3213 qui
1106 3130 1197 3194 ab
1256 3128 1501 3196 incolis
1570 3127 1802 3194 Uuike
1872 3117 2334 3212 nuncupatur,
2386 3148 2602 3213 prope

515 3230 831 3298 uidelicet
892 3228 1187 3294 insulam
1251 3228 1337 3294 de
1401 3226 1763 3307 Pertland,
1815 3228 2087 3295 cuidam
2152 3227 2359 3293 michi
2419 3227 2605 3294 fideli

516 3332 825 3398 ministro
856 3329 1129 3396 nomine
1158 3328 1432 3408 Atsere,
1458 3328 1531 3394 in
1562 3335 1916 3394 aeternam
1945 3329 2452 3413 possessionem
2486 3329 2606 3394 do-

514 3433 697 3510 nani,
726 3438 809 3497 ut
835 3429 1089 3496 habeat
1112 3435 1186 3494 et
1208 3429 1563 3513 possideat
1587 3428 1920 3514 quamdiu
1949 3430 2169 3507 uiuat,
2197 3448 2354 3494 cum
2383 3428 2605 3496 omni-

518 3534 643 3600 bus
675 3532 766 3597 ad
800 3549 878 3596 se
911 3530 1046 3596 rite
1075 3530 1581 3614 pertinentibus
1610 3529 2079 3616 appendiciis3
2123 3536 2196 3595 et
2224 3537 2389 3614 post
2416 3529 2608 3596 uitae

516 3653 681 3699 suae
714 3631 1081 3698 terminum
1102 3629 1509 3714 cuicumque
1534 3629 1834 3698 uoluerit
1865 3631 1940 3696 in
1968 3630 2382 3715 perhennem
2405 3629 2604 3696 dere-

516 3733 784 3818 linquat
824 3730 1338 3797 haereditatem.
1458 3729 1567 3796 Sit
1608 3739 1842 3797 autem
1885 3731 2312 3816 praedictum
2355 3749 2476 3796 rus
2517 3731 2609 3796 ab

520 3834 703 3898 omni
730 3842 1047 3898 terrenae
1078 3831 1437 3896 seruitutis
1469 3831 1637 3914 iugo
1669 3831 1987 3911 liberum,
2020 3831 2330 3915 exceptis
2361 3830 2610 3909 tribus,

524 3933 977 4019 expeditione,
1006 3932 1237 4016 pontis
1267 3931 1537 3997 arcisue
1568 3932 2100 3998 constructione.
2187 3930 2261 3996 Si
2295 3929 2452 4014 quis
2477 3931 2612 4015 igi-

524 4043 637 4100 tur
662 4035 843 4099 hanc
872 4039 1179 4098 nostram
1209 4031 1645 4098 donationem
1687 4031 1762 4096 in
1802 4031 1990 4096 aliud
2021 4050 2230 4115 quam
2258 4030 2612 4097 constitui-

524 4154 675 4199 mus
722 4131 1121 4210 transferre,
1153 4132 1265 4197 uel
1309 4132 1396 4198 de
1428 4151 1513 4197 ea
1551 4131 1814 4215 aliquid
1853 4131 2162 4196 minnere
2210 4147 2613 4216 praesump-

522 4236 711 4314 serit,
758 4242 1080 4300 aeternae
1118 4231 1586 4297 maledictioni
1638 4233 2020 4310 subiaceat,
2056 4239 2126 4297 et
2159 4231 2611 4299 infernalibus

524 4334 853 4401 incendiis
886 4353 1043 4399 cum
1080 4331 1260 4398 Iuda
1292 4331 1551 4402 Christi
1580 4332 1932 4418 proditore
1967 4332 2226 4416 iugiter
2266 4331 2616 4418 puniatur,

528 4437 657 4502 nisi
708 4432 1183 4502 satisfactione
1226 4432 1571 4518 condigna
1620 4433 2088 4502 emendauerit
2134 4433 2320 4519 quod
2376 4439 2618 4500 centra
