3552 5764
1301 629 1672 678 111³?ssme
1683 663 1697 676 .
2410 615 2539 680 237

1317 886 1638 954 DXIV.¹

689 1005 1176 1117 *EADGRR
1209 1038 1679 1123 Weduesday,
1717 1037 1889 1104 Dec.
1916 1037 2107 1118 28th,
2139 1039 2297 1104 964.

557 1191 638 1272 ›1‹
681 1186 1240 1255 ALTl'roNAN'rls
1290 1190 1403 1255 dei
1451 1189 1780 1272 largiflua
1830 1189 2216 1268 clementia,
2270 1190 2389 1272 qui
2431 1195 2539 1253 est

453 1309 576 1354 rex
627 1309 866 1372 regum
925 1298 998 1355 et
1044 1289 1363 1355 dominus
1422 1289 1951 1368 dominantium,
1992 1311 2124 1372 ego
2176 1289 2540 1372 Eadgarus

453 1387 840 1472 Anglorum
919 1389 1245 1468 basileus,
1321 1391 1762 1473 omniumque
1840 1409 2082 1473 regum
2158 1389 2539 1454 insularum

450 1491 690 1554 oceani
733 1509 914 1576 quae
947 1491 1404 1576 Brytanniam
1447 1479 1958 1569 circumiacent,
2002 1497 2540 1573 cunctarumque

452 1591 810 1656 nationum
861 1611 1044 1676 quae
1091 1590 1270 1656 infra
1322 1610 1477 1655 eam
1533 1591 2004 1670 includuntur,
2052 1593 2428 1674 imperator
2469 1597 2541 1654 et

450 1689 795 1770 dominus,
829 1692 1094 1775 gratias
1127 1711 1265 1776 ago
1307 1692 1444 1774 ipsi
1477 1691 1608 1756 deo
1651 1690 2136 1775 omnipotenti,
2165 1691 2316 1773 regi
2360 1709 2538 1768 meo,

449 1791 570 1875 qui
611 1811 841 1857 meum
885 1791 1248 1876 imperium
1291 1791 1391 1856 sic
1439 1789 1805 1875 ampliauit
1844 1799 1915 1856 et
1958 1791 2304 1857 exaltauit
2331 1811 2540 1874 super

451 1910 738 1974 regnum
767 1899 1044 1976 patrum
1075 1910 1422 1967 meorum;
1472 1893 1592 1975 qui
1623 1892 1789 1958 licet
1816 1891 2287 1958 monarchiam
2320 1892 2537 1956 totius

450 1990 752 2074 Angliae
779 1993 1015 2077 adepti
1057 1993 1199 2058 sint
1242 2011 1287 2056 a
1337 1999 1644 2076 tempore
1678 1991 2098 2070 AEvelstani,
2125 1993 2247 2075 qui
2282 1991 2541 2074 primus

451 2111 693 2175 regum
746 2092 1136 2176 Anglorum
1188 2112 1423 2157 omnes
1476 2093 1793 2158 nationes
1848 2111 2027 2175 quae
2079 2092 2539 2175 Brytanniam

451 2192 761 2258 incolunt
787 2193 920 2258 sibi
963 2193 1173 2264 armis
1205 2193 1505 2275 subegit,
1535 2192 1765 2258 nullus
1810 2199 2040 2258 tamen
2077 2212 2313 2258 eorum
2355 2191 2543 2257 ultra

451 2292 602 2358 eius
635 2292 805 2358 fines
832 2293 1191 2377 imperium
1221 2311 1421 2356 suum
1454 2292 1748 2357 dilatare
1782 2311 2153 2376 aggressus
2182 2303 2329 2373 est3
2374 2293 2541 2358 mihi

452 2400 688 2457 autem
715 2393 1056 2460 concessit
1080 2393 1384 2476 propitia
1416 2390 1769 2470 diuinitas,
1804 2412 1961 2458 cum
1996 2391 2381 2476 Anglorum
2414 2393 2543 2457 im-

453 2492 670 2576 perio,
699 2494 931 2558 omnia
963 2511 1182 2576 regna
1211 2493 1592 2558 insularum
1622 2492 1867 2558 oceani
1895 2512 2051 2558 cum
2085 2495 2231 2559 suis
2260 2493 2541 2558 ferocis-

453 2594 646 2658 simis
693 2594 975 2674 regibus
1003 2611 1225 2678 usque
1249 2592 1689 2675 Non-ogiam,
1722 2595 2233 2677 maximamque
2272 2602 2539 2678 partem

457 2693 839 2759 Hiberniae
871 2712 1030 2758 cum
1071 2713 1202 2758 sua
1245 2693 1672 2760 nobilissima
1708 2693 1992 2759 ciuitate
2028 2693 2362 2771 Dublina,
2387 2692 2540 2760 An-

455 2794 722 2877 glorum
747 2813 963 2876 regno
991 2793 1402 2876 subiugaret
1435 2813 1611 2878 quos
1639 2795 1850 2859 etiam
1876 2811 2113 2858 omnes
2132 2795 2303 2858 meis
2328 2795 2543 2878 impe-

457 2896 577 2961 riis
638 2894 822 2965 colla
873 2894 1190 2971 subdere,
1243 2894 1354 2959 dei
1401 2894 1677 2960 fauente
1718 2892 1972 2977 gratia,
2020 2895 2241 2977 coegi.
2345 2894 2539 2972 Qua·

453 3002 736 3079 propter
767 3002 840 3061 et
871 3014 1003 3078 ego
1034 2992 1292 3060 Christi
1321 2993 1613 3077 gloriam
1642 3001 1713 3058 et
1738 2993 2015 3059 laudem
2040 2994 2112 3059 in
2144 3014 2358 3077 regno
2385 3014 2539 3059 meo

455 3096 794 3173 exaltare,
804 3103 876 3160 et
884 3096 1034 3160 eius
1051 3094 1409 3159 seruitium
1429 3093 1873 3177 amplificare,
1886 3093 2181 3159 deuotus
2198 3094 2503 3177 disposui
2518 3114 2537 3159 t

456 3205 527 3262 et
548 3215 674 3281 per
697 3215 886 3261 meos
905 3194 1142 3259 fideles
1169 3193 1498 3273 fautores,
1523 3193 1961 3260 Dunstanum
1983 3193 2304 3260 uidelicet
2325 3193 2545 3260 archi·-

458 3298 881 3381 episcopum,
916 3303 989 3361 et
1033 3293 1536 3361 AEbelwoldum
1576 3313 1661 3360 ac
1705 3294 2108 3359 Oswaldum
2156 3295 2541 3379 episcopos,

455 3416 630 3482 quos
659 3398 729 3461 in
759 3404 992 3481 patres
1022 3394 1418 3479 spirituales
1447 3402 1520 3461 et
1545 3394 2019 3461 consiliatores
2048 3395 2252 3478 elegi,
2290 3414 2543 3479 magna

455 3518 544 3562 ex
575 3506 797 3582 parte,
837 3495 1211 3561 secundum
1243 3496 1428 3581 quod
1465 3495 1799 3579 disposui,
1828 3495 2104 3579 perfeci.
2194 3495 2540 3579 Siquidem

459 3598 878 3681 temporibus
931 3604 1441 3662 antecessorum
1489 3616 1797 3662 meorum
1845 3615 2089 3679 regum
2134 3594 2543 3678 Anglorum,

457 3699 872 3765 monasteria
898 3706 1042 3763 tam
1072 3697 1560 3762 monachorum
1592 3714 1801 3780 quam
1820 3696 2167 3778 uirginum
2193 3695 2545 3761 destructa

459 3806 528 3864 et
561 3800 832 3883 penitus
859 3797 1176 3881 neglecta
1209 3796 1282 3861 in
1324 3805 1476 3862 tota
1517 3795 1781 3881 Anglia
1812 3804 2034 3873 erant,
2064 3814 2243 3879 quae
2288 3814 2419 3878 ego
2454 3796 2542 3861 ad

455 3899 566 3964 dei
592 3899 866 3965 laudem
896 3918 1022 3982 pro
1057 3896 1357 3963 remedio
1397 3898 1668 3963 animae
1703 3916 1897 3961 meae
1926 3915 2271 3979 reparare,
2300 3904 2371 3961 et
2400 3916 2543 3963 ser-

455 4018 698 4065 uorum
728 4008 800 4065 et
825 3998 1226 4063 ancillarum
1251 3997 1362 4063 dei
1397 4016 1750 4062 numerum
1778 3996 2259 4079 multiplicare,
2272 3995 2545 4062 deuoui.

459 4100 549 4165 Et
577 4101 746 4183 ipsis
777 4098 1191 4183 supradictis
1234 4099 1404 4163 meis
1436 4097 1998 4181 cooperatoribus
2032 4103 2309 4161 strenue
2353 4100 2549 4162 anni-

457 4201 763 4267 tentibus
796 4200 936 4265 iam
963 4216 1109 4267 ‚xtn
1147 4206 1219 4264 et
1251 4216 1401 4263 Νη.
1438 4198 1859 4264 monasteria
1890 4216 2048 4261 cum
2076 4197 2431 4263 monachis
2476 4207 2546 4264 et

937 4324 954 4357 ¹
976 4326 1026 4377 A
1049 4340 1186 4377 more
1207 4332 1400 4378 correct
1420 4341 1552 4391 copy
1572 4326 1632 4376 of
1647 4324 1863 4375 Chai-ter
1884 4323 2085 4376 DXIV.
