3552 5764
945 639 1290 688 onARTAB
1333 638 2020 689 Auemssxorucsn.
2416 621 2510 686 95

430 800 510 880 ›1‹
567 797 722 881 Ego
777 795 1131 862 AElfuuine
1185 797 1516 864 minister.
1646 798 1732 885 >1⁴
1785 797 1937 882 Ego
1989 796 2322 863 Uulfstan
2376 797 2505 862 mi-

421 898 660 962 nister.
757 897 844 983 »Β
872 897 1025 979 Ego
1058 897 1352 980 AElssige
1381 899 1709 962 minister.
1808 898 1886 979 ›1‹
1916 898 2067 980 Ego
2094 897 2503 982 AElfuueartl

423 997 756 1062 minister.
868 998 948 1078 >1⁴
991 997 1142 1079 Ego
1192 997 1506 1062 Osuuerd
1552 999 1883 1064 minister.
1992 998 2077 1083 »Β
2114 997 2264 1080 Ego
2301 996 2516 1061 Osulf

423 1097 756 1162 minister.
869 1097 947 1178 *1⁴
991 1097 1142 1180 Ego
1175 1094 1419 1162 Osferii
1452 1097 1785 1162 minister.

1203 1393 1735 1461 MCCLXVII.

1159 1543 1594 1624 EADGAR,
1636 1543 1789 1612 969.

543 1696 621 1777 ›1‹
665 1693 756 1759 IN
789 1692 1058 1758 nomine
1083 1694 1340 1758 domini
1370 1693 1590 1758 nostri
1622 1693 1829 1758 Ihesu
1864 1691 2161 1758 christi!
2263 1690 2505 1756 Omnis

431 1794 708 1876 quidem
737 1795 936 1877 larga
957 1792 1426 1858 munificentia
1453 1813 1690 1876 regum
1719 1798 2129 1857 testamento
2158 1791 2509 1857 literarum

434 1893 826 1959 roboranda
875 1901 1005 1973 est,
1061 1912 1151 1958 ne
1197 1893 1624 1976 posteritatis
1678 1892 2021 1958 successio
2060 1893 2385 1974 ignorans
2438 1891 2509 1954 in

435 1993 888 2076 malignitatis
914 1993 1232 2058 fribolum
1252 1992 1659 2058 infoeliciter
1683 1997 1981 2057 corruat.
2048 1990 2509 2071 Quamobrem

433 2111 566 2175 ego
613 2093 913 2176 Eadgar,
955 2092 1191 2157 diuina
1237 2091 1737 2157 collubescente
1780 2093 2009 2175 gratia
2056 2091 2267 2156 totius
2312 2088 2510 2155 Albi-

435 2193 588 2256 onis
639 2211 766 2258 rex
808 2191 1434 2276 primicheriusque,
1486 2191 1828 2275 quandam
1874 2191 2055 2255 ruris
2104 2189 2511 2275 particulam

443 2307 590 2357 JV.
649 2292 911 2358 scilicet
975 2299 1424 2370 cassatorum,
1488 2291 1644 2357 loco
1711 2292 1832 2375 qui
1888 2289 2161 2373 uulgari
2227 2288 2513 2373 AEpslea

437 2389 710 2468 dicitur,
756 2410 912 2456 meo
955 2391 1136 2456 fideli
1173 2391 1510 2470 ministro,
1552 2391 1808 2475 quique
1856 2389 2138 2456 huiusce
2184 2388 2509 2472 gnosticis

439 2491 706 2556 insulae
747 2499 918 2556 noto
954 2490 1284 2556 AElfwold
1323 2493 1759 2574 nuncupatur
1794 2496 2134 2568 onomate,
2176 2491 2249 2554 in
2292 2495 2511 2554 aeter-

439 2609 596 2656 nam
631 2591 889 2674 largior
929 2589 1456 2666 haereditatem;
1509 2599 1592 2656 ut
1632 2591 1805 2674 ipse,
1838 2590 1987 2656 uita
2031 2589 2303 2664 comite,
2351 2608 2507 2654 cum

441 2690 752 2755 omnibus
799 2690 1224 2768 utensilibus,
1275 2689 1492 2774 pratis
1543 2690 1887 2769 uidelicet,
1938 2691 2236 2774 pascuis,
2287 2689 2506 2766 siluis,

443 2791 590 2855 uoti
635 2809 918 2874 compos
964 2790 1255 2866 habeat;
1323 2796 1395 2855 et
1441 2799 1604 2874 post
1656 2791 1847 2856 uitae
1898 2807 2067 2854 suae
2126 2788 2513 2866 terminum,

443 2891 966 2974 quibuscunque
1043 2890 1338 2956 uoluerit
1399 2891 1805 2957 cleronomis
1879 2892 2246 2955 immunem
2326 2889 2517 2952 dere-

441 2988 734 3075 linquat.
841 2990 948 3056 Sit
1005 2998 1236 3056 autem
1298 2990 1720 3073 praedictum
1780 3009 1899 3053 rus
1956 2990 2140 3054 omni
2202 2995 2517 3053 terrenae

447 3088 804 3156 seruitutis
837 3091 1001 3174 iugo
1043 3090 1354 3167 liberum,
1385 3090 1604 3154 tribus
1639 3090 1969 3172 exceptis,
2002 3095 2158 3153 rata
2190 3085 2509 3151 uidelicet

443 3188 900 3273 expeditione,
957 3190 1186 3273 pontis
1247 3190 1514 3255 arcisue
1573 3188 2095 3253 restauratione.
2221 3184 2297 3250 Si
2360 3186 2515 3269 quis

445 3289 660 3371 igitur
691 3288 870 3354 hanc
898 3297 1202 3355 nostram
1233 3289 1664 3356 donationem
1694 3288 1767 3352 in
1796 3286 1988 3353 aliud
2019 3304 2225 3369 quam
2260 3284 2513 3351 consti-

449 3389 702 3453 tuimus
743 3388 1105 3455 transferre
1149 3387 1470 3467 uoluerit,
1503 3388 1817 3472 priuatus
1848 3386 2193 3452 consortio
2233 3392 2515 3449 sanctae

451 3486 562 3553 dei
617 3488 1016 3567 aecclesiae,
1083 3488 1378 3553 aeternis
1440 3487 1748 3553 barathri
1808 3486 2137 3553 incendiis
2203 3484 2511 3567 lugubris

449 3586 702 3673 iugiter
719 3606 874 3655 cum
907 3588 1084 3653 Iuda
1113 3586 1368 3653 Christi
1396 3588 1740 3671 proditore
1767 3588 2050 3671 eiusque
2076 3584 2517 3668 complicibus

451 3689 802 3771 puniatur,
855 3688 917 3753 si
969 3707 1107 3753 non
1154 3688 1620 3752 satisfactione
1670 3686 2134 3751 emendauerit
2186 3701 2515 3766 congrua,

449 3786 632 3870 quod
677 3794 920 3852 contra
973 3794 1278 3854 nostrum
1320 3787 1607 3870 deliquit
1655 3786 2027 3852 decretum.
2130 3784 2267 3849 His
2314 3784 2517 3848 metis

453 3886 834 3969 praefatum
867 3906 988 3951 rus
1018 3886 1175 3952 hinc
1204 3886 1364 3951 inde
1391 3894 1701 3971 gyratur,
1733 3893 1865 3951 etc.

548 3989 628 4069 ›1‹
670 3986 829 4069 Ego
859 3986 1138 4069 Eadgar
1183 4004 1310 4051 rex
1357 3984 1736 4069 Anglorum
1780 4004 1935 4049 cum
1986 4002 2317 4049 consensu
2358 3982 2519 4047 doc-

455 4092 678 4151 torum
733 4106 1040 4153 meorum
1091 4104 1248 4151 cum
1304 4087 1505 4167 signo
1567 4091 1850 4150 sanctae
1903 4083 2123 4149 crucis
2178 4082 2514 4148 roboraui.

463 4186 541 4267 ›1‹
599 4186 752 4270 Ego
813 4186 1132 4252 Dunstan
1179 4184 1726 4272 archiepiscopus
1778 4184 2315 4251 Dorouernensis
2366 4202 2518 4247 aec-

453 4285 700 4353 clesiae
730 4284 988 4351 Christi
1016 4286 1326 4352 consensi
1341 4293 1413 4350 et
1435 4284 1827 4368 subscripsi.
1925 4284 2003 4365 ›1‹
2033 4284 2183 4367 Ego
2210 4283 2516 4347 AElfstan

453 4387 838 4469 episcopus,
951 4388 1028 4469 ›1‹
1071 4385 1222 4467 Ego
1269 4384 1646 4451 AElielwold
1696 4385 2055 4471 episcopus
2098 4382 2516 4449 confirmaui.
