3552 5764
1043 602 1386 650 casaur.
1454 604 2137 657 Ancmsaxomcas.
2562 588 2645 652 61

543 762 696 828 mei.
823 759 948 825 Hii
1022 768 1236 826 testes
1300 760 1588 826 aderant
1644 764 1763 847 qui
1824 763 1951 828 hoc
2013 771 2504 829 consenserunt
2570 773 2641 828 et

544 862 1094 944 subscripserunt
1157 869 1228 926 et
1289 882 1444 927 cum
1494 863 1695 946 signo
1756 872 2039 929 sanctae
2098 865 2317 930 crucis
2379 863 2639 930 Christi

545 963 988 1027 firmauerunt
1023 969 1094 1025 et
1127 962 1762 1027 corroborauerunt.

643 1064 722 1145 4
773 1061 925 1144 Ego
973 1061 1253 1143 Eadgar
1304 1082 1428 1126 rex
1485 1061 1871 1144 Anglorum
1912 1069 1984 1128 et
2020 1063 2315 1127 scribere
2360 1063 2529 1127 iussi
2570 1073 2642 1128 et

547 1183 702 1228 cum
743 1161 1142 1244 triumphali
1187 1162 1446 1226 uexillo
1488 1170 1769 1227 sanctae
1812 1164 2033 1228 crucis
2075 1163 2334 1228 Christi
2370 1163 2639 1228 firmani

551 1271 624 1328 et
653 1261 1108 1327 corroboraui.
1220 1261 1299 1343 4
1341 1263 1493 1344 Ego
1524 1262 1846 1327 Dunstan
1880 1263 2435 1346 archiepiscopus
2464 1263 2642 1328 hanc

553 1363 979 1428 donationem
1037 1363 1349 1444 consensi
1399 1369 1469 1426 et
1521 1362 1919 1446 subscripsi.
2021 1366 2099 1445 4
2150 1363 2304 1444 Ego
2352 1361 2638 1446 Oscytel

549 1463 1100 1546 archiepiscopus
1147 1481 1302 1526 cum
1344 1462 1572 1545 sigillo
1607 1470 1889 1528 sanctae
1934 1464 2155 1527 crucis
2202 1462 2517 1527 consensi
2564 1472 2634 1530 et

545 1563 936 1646 subscripsi.
1049 1564 1127 1643 4
1177 1562 1330 1645 Ego
1383 1561 1738 1646 Kynesige
1785 1564 2151 1646 episcopus
2200 1563 2514 1628 consensi
2564 1570 2635 1627 et

543 1663 937 1746 subscripsi.
1049 1664 1128 1746 4
1191 1662 1345 1744 Ego
1405 1662 1686 1727 Oswald
1755 1663 2119 1746 episcopus
2181 1664 2497 1726 consensi
2560 1670 2631 1727 et

542 1762 936 1846 subscripsi.
1091 1764 1170 1845 4
1243 1761 1396 1844 Ego
1441 1762 1740 1828 Wulsric
1783 1762 2149 1845 episcopus
2196 1763 2509 1828 consensi
2560 1771 2631 1828 et

541 1863 934 1946 subscripsi.
1033 1864 1112 1945 4
1177 1861 1332 1944 Ego
1380 1862 1736 1945 Byrhtelm
1785 1862 2146 1946 episcopus
2198 1863 2511 1926 consensi
2562 1871 2635 1926 et

541 1963 937 2047 subscripsi.
1049 1964 1126 2045 4
1178 1963 1332 2044 Ego
1363 1962 1702 2028 AElfhaere
1727 1961 1894 2027 dux.
1994 1964 2071 2045 4
2117 1961 2272 2044 Ego
2303 1961 2631 2026 AElfheah

541 2065 708 2128 dux.
817 2065 896 2146 4
958 2062 1110 2144 Ego
1175 2062 1539 2127 AEvelstan
1594 2061 1760 2126 dux.
1861 2064 1940 2145 4
2002 2061 2153 2144 Ego
2214 2061 2630 2126 AEvelmund

541 2165 710 2230 dux.
821 2165 900 2246 4
967 2161 1118 2245 Ego
1177 2162 1537 2246 Byrhtnoss
1604 2162 1772 2228 dux.
1887 2164 1966 2245 4
2030 2161 2184 2242 Ego
2243 2161 2628 2226 AEsselwine

541 2265 709 2330 dux.
818 2264 896 2346 4
941 2262 1096 2345 Ego
1126 2262 1450 2328 AElswine
1477 2262 1810 2328 minister.
1922 2262 2001 2344 4
2061 2262 2213 2344 Ego
2241 2261 2630 2328 Wulfhelm

544 2364 873 2429 minister.
984 2364 1063 2445 4
1103 2363 1258 2445 Ego
1287 2362 1642 2445 AEvelsige
1673 2362 1997 2427 minister.
2082 2449 2085 2453 1
2113 2364 2191 2446 4
2222 2361 2374 2445 Ego
2404 2361 2629 2427 Waer-

540 2475 699 2530 stan
739 2463 1068 2528 minister.
1203 2465 1280 2546 4
1323 2463 1474 2546 Ego
1532 2463 1831 2530 Wulfric
1886 2461 2219 2529 minister.
2352 2464 2431 2546 4
2476 2463 2628 2545 Ego

541 2564 818 2630 AEiselm
845 2564 1178 2628 minister.

636 2661 893 2729 Rubrio.
989 2655 1148 2728 Ηὲι·
1172 2663 1278 2728 his
1315 2654 1665 2730 E‘astfines
1697 2654 1829 2730 bfic
1862 2663 1997 2728 and
2029 2660 2324 2727 Plesces.

1324 2958 1861 3026 Mccxnvn.

1261 3081 1907 3188 EKDGKR,fflffi.

648 3264 727 3345 4
759 3260 1282 3341 QUAEGUMQUB
1325 3257 1506 3323 enim
1547 3256 1924 3322 secundum
1980 3255 2254 3322 decreta
2292 3278 2627 3326 canonum

537 3370 746 3447 atque
786 3360 1304 3426 aecclesiastica
1336 3358 1658 3423 instituta
1688 3358 1949 3423 salubri
1978 3357 2264 3422 consilio
2296 3358 2629 3425 definiun-

537 3472 676 3540 tur,
707 3480 1125 3546 quamquam
1159 3478 1385 3523 sermo
1417 3465 1688 3523 tantum
1732 3459 1996 3542 absque
2028 3465 2228 3524 textu
2260 3458 2624 3539 sufficeret,

537 3571 766 3628 tamen
794 3561 1116 3645 quoniam
1143 3558 1544 3643 plerumque
1572 3559 1829 3624 nostris
1862 3559 2287 3641 temporibus
2320 3567 2619 3644 tempes-

541 3670 720 3728 tates
737 3670 806 3727 et
828 3661 1138 3728 turbines
1153 3659 1608 3725 saecularium
1630 3679 1857 3724 rerum
1877 3660 2085 3724 etiam
2104 3665 2345 3742 portas
2364 3660 2625 3725 aeccle-

539 3764 684 3827 siae
709 3762 1016 3847 pulsant.‚
1043 3760 1300 3824 idcirco
1329 3778 1580 3843 operae
1608 3760 1903 3843 pretium
1936 3760 2325 3824 censuimus
2354 3762 2442 3824 ob
2462 3779 2627 3825 cau-

540 3864 747 3929 telam
771 3863 1185 3937 futurormn,
1215 3878 1301 3924 ea
1330 3876 1506 3943 quae
1525 3859 1813 3924 definita
1840 3866 2003 3923 sunt
2025 3859 2297 3942 paginis
2328 3860 2625 3943 scriptu-

536 3982 767 4028 rarum
833 3962 1202 4027 adnectere
1261 3979 1348 4023 ne
1423 3960 1494 4024 in
1556 3967 1911 4042 posterum
1970 3958 2317 4023 obliuione
2369 3961 2627 4028 tradita

535 4064 957 4146 ignorentur.
1063 4059 1506 4143 Quapropter
1547 4080 1679 4141 ego
1726 4058 2029 4141 Eadgar‚
2064 4059 2281 4140 regali
2322 4060 2537 4126 fretus
2581 4081 2626 4126 a

535 4164 812 4229 domino
843 4162 1212 4247 dignitate,
1260 4159 1606 4245 quandam
1639 4160 1821 4225 ruris
1856 4157 2270 4242 particulam
2304 4177 2402 4226 .x.
2432 4162 2628 4226 uide-

535 4263 696 4330 licet
733 4282 1036 4341 mansas,
1092 4262 1163 4326 in
1215 4260 1368 4325 loco
1429 4260 1548 4344 qui
1601 4259 1856 4325 dicitur
1910 4266 2003 4324 aet
2058 4259 2516 4345 Speresholte,
2558 4269 2631 4326 et

535 4383 742 4429 unam
781 4383 1092 4429 mansam
1124 4380 1278 4427 cum
1317 4377 1466 4425 ‚x11.
1504 4380 1826 4445 agrorum
1868 4361 2260 4445 quantitate
2303 4363 2421 4445 qui
2467 4368 2633 4425 sunt
