3552 5764
975 632 1314 685 cussus
1363 633 2039 688 ANemsaxochn.
2445 617 2537 684 ‘75

1323 889 1690 960 Mccnv.

1175 1011 1613 1118 namin,
1657 1041 1810 1111 965.

563 1189 644 1274 ›1‹
695 1187 1137 1258 Commun-
1189 1208 1316 1258 nos
1377 1209 1616 1258 sacrae
1680 1189 2115 1258 auctoritatis
2164 1192 2525 1277 scriptura,

457 1290 712 1369 diceus,
743 1295 766 1326 ‘
793 1288 1045 1356 Nudus
1071 1309 1390 1372 egressus
1415 1310 1568 1358 snm
1598 1309 1690 1358 ex
1717 1298 1917 1357 utero
1945 1291 2187 1358 matris
2212 1312 2431 1368 meae,
2458 1301 2531 1360 et

457 1391 680 1458 nudus
711 1397 1021 1458 reuertar
1049 1388 1212 1456 illuc
1234 1390 1287 1471 3·
1332 1397 1404 1456 et
1429 1391 1700 1468 iterum,
1747 1395 1766 1425 ‘
1792 1389 2028 1458 Nichil
2054 1391 2410 1460 intulimus
2456 1395 2531 1458 iu

461 1489 642 1555 hunc
669 1489 1020 1566 mundum,
1049 1507 1288 1558 uerum
1325 1510 1452 1557 nec
1497 1492 1586 1557 ab
1627 1509 1710 1560 eo
1753 1489 2023 1558 auferre
2066 1490 2231 1576 quid
2271 1494 2529 1576 poteri-

457 1589 654 1654 mus.’
753 1588 1196 1676 Quapropter
1240 1590 1486 1660 lubrici
1541 1596 1943 1674 potentatus
1996 1610 2135 1658 non
2174 1593 2529 1670 inmemor,

455 1707 584 1772 ego
639 1689 945 1774 Eadgar,
1005 1688 1281 1758 Christo
1331 1689 1722 1760 conferente
1783 1709 1909 1758 rex
1974 1697 2047 1756 et
2104 1692 2529 1775 primicerius

451 1790 674 1856 tocius
731 1787 1073 1866 Albionis,
1135 1790 1330 1874 regni
1403 1789 1756 1872 fastigium
1828 1788 2071 1856 humili
2130 1792 2529 1875 praesidens

451 1889 704 1968 animo,
749 1889 838 1954 ob
879 1890 1492 1957 remunerationem
1541 1889 1821 1958 maioris
1862 1891 2171 1973 praemii,
2215 1890 2529 1977 aliquan·

452 1989 672 2054 tulum
721 1989 901 2057 ruris
953 1989 1366 2072 particulam
1421 2006 1512 2058 a..
1563 1997 2031 2072 comparatam
2068 1992 2383 2070 cassatis,
2416 1992 2529 2058 cui

453 2088 864 2156 uocabulum
899 2096 1090 2154 certa
1129 2088 1615 2173 astipulatione
1648 2088 2005 2158 Mer-cham
2037 2089 2403 2173 profertur,
2436 2092 2524 2157 ad

451 2188 858 2254 acclesiam
913 2189 1160 2254 beatae
1220 2188 1509 2267 Mariae,
1562 2189 1915 2272 genitricis
1973 2188 2084 2256 dei
2140 2207 2224 2255 ac
2272 2189 2530 2256 domini

453 2289 676 2354 nostri
709 2287 919 2354 Ihesu
954 2287 1237 2367 Christi,
1269 2289 1343 2358 in
1373 2289 1528 2358 loco
1555 2287 1672 2374 qui
1707 2288 1957 2356 dicitur
1984 2286 2401 2370 Abbandnn,
2434 2291 2525 2356 ad

457 2405 628 2456 usus
655 2388 903 2456 ibidem
927 2387 1215 2454 fratrum
1244 2387 1374 2454 deo
1402 2389 1845 2456 seruientium
1867 2388 2159 2456 libenter
2184 2391 2483 2458 concedo
2503 2410 2525 2473 3

455 2488 818 2554 obsecrans
861 2495 932 2554 et
973 2488 1398 2572 praecipiens
1440 2489 1514 2556 in
1557 2488 1833 2556 nomine
1871 2488 2152 2567 Christi,
2196 2497 2276 2557 ut
2325 2510 2523 2556 nemo

453 2607 926 2656 successorum
953 2596 1340 2656 nostrorum
1367 2589 1738 2672 superioris
1763 2588 1873 2656 uel
1902 2588 2243 2656 inferioris
2269 2591 2525 2674 gradus

451 2686 582 2754 hoo
631 2695 911 2756 nostrae
957 2687 1342 2756 deuotionis
1385 2687 1636 2755 donum
1679 2688 1914 2772 aliquo
1954 2691 2361 2756 temeritatis
2395 2690 2523 2755 ali-

455 2795 816 2871 quatenus.
849 2787 1181 2856 instinotu
1225 2788 1626 2873 disrumpat.
1749 2788 1856 2854 Sit
1900 2796 2129 2854 antem
2176 2790 2526 2872 praedicta

453 2888 685 2967 tellus,
725 2906 932 2971 quam
975 2908 1130 2971 ego,
1171 2907 1324 2953 cum
1373 2908 1710 2955 consensu
1747 2889 2152 2973 optimatum
2196 2910 2525 2969 meorum,

455 2988 766 3071 praefato
799 2988 1093 3071 largitus
1123 3006 1278 3057 sum
1306 2990 1658 3065 coenobio,
1697 2988 1786 3052 ab
1818 2988 2004 3053 omni
2035 2995 2349 3055 terrenae
2386 3008 2525 3053 ser-

455 3089 696 3155 uitutis
738 3090 904 3171 iugo
939 3088 1179 3166 libera,
1224 3089 1442 3157 tribus
1486 3087 1594 3155 his
1637 3086 1970 3171 exceptis,
2008 3094 2165 3153 rata
2206 3087 2526 3156 uidelicet

458 3188 914 3272 expeditione,
971 3187 1202 3271 pontis
1268 3188 1536 3255 aroisme
1591 3186 2109 3253 restauratione.
2237 3186 2312 3253 Si
2368 3190 2526 3271 quis

453 3296 684 3357 autem
718 3286 1058 3357 larnai-ico
1085 3287 1450 3357 instinctus
1489 3284 1757 3372 spiritu,
1802 3286 1933 3355 hoc
1974 3287 2226 3353 donum
2263 3288 2525 3353 uiolare

453 3388 903 3457 immutas-ene
971 3395 1536 3473 presumptuosus
1589 3388 2053 3471 temptauerit,
2116 3388 2251 3455 nisi
2314 3388 2525 3471 dig-na

453 3488 921 3557 satisfactione
995 3494 1158 3555 ante
1227 3487 1491 3555 obitum
1571 3507 1772 3553 suum
1854 3506 2013 3556 reus
2086 3488 2521 3572 poenituerit,

451 3588 748 3654 aeternis
775 3586 1084 3653 barathri
1110 3594 1497 3671 prostratus
1533 3586 1863 3652 incendiis
1892 3606 2047 3654 cum
2080 3585 2258 3653 Iuda
2290 3588 2521 3671 prodi·-

455 3696 602 3754 tore
628 3687 888 3754 Christi
913 3686 1348 3752 aeternaliter
1374 3686 1686 3769 lugubris
1709 3686 2053 3771 puniatur.
2154 3686 2293 3752 His
2320 3688 2519 3753 metis

453 3788 834 3873 praefatum
878 3806 996 3852 rus
1040 3786 1199 3851 hinc
1245 3786 1405 3853 inde
1449 3795 1754 3870 gyratur.
1860 3786 1984 3850 Dis
2019 3786 2082 3850 is
2110 3776 2289 3852 δῖα-α
2319 3778 2517 3869 fiftig

453 3880 638 3981 hyda
667 3876 1135 3969 landgemffira
1168 3875 1245 3951 (ὁ
1281 3886 1356 3951 M
1361 3884 1761 3952 erchamme.
1850 3882 2088 3950 AErest
2132 3885 2213 3950 of
2245 3885 2519 3952 Eoccan

451 4008 540 4054 on
567 3975 794 4053 mfiene
821 3976 1012 4061 m‘6r3
1065 3986 1147 4051 of
1163 3974 1386 4051 mffine
1413 4005 1641 4050 moere
1670 3976 1769 4070 fip
1800 4004 1891 4049 on
1919 3976 2133 4050 hwite
2166 3975 2397 4063 m6re;
2446 3988 2530 4053 of

449 4078 664 4154 hwite
696 4076 890 4151 more
927 4106 1018 4151 on
1056 4074 1374 4153 hefifoces
1413 4084 1726 4166 hamm03
1773 4084 1855 4148 of
1887 4072 2214 4151 hfi‘auokes
2248 4084 2517 4155 hamme

449 4208 541 4258 on
599 4184 1088 4263 Tubbaforda3
1160 4186 1242 4252 of
1285 4185 1726 4251 Tnbbaforda
1778 4184 2081 4267 andlang·
2142 4174 2371 4251 mores
2438 4178 2517 4253 ῐὸ

451 4277 876 4371 AEppeltfine
939 4305 1030 4352 on
1083 4292 1263 4354 ’sone
1322 4276 1533 4368 br6c3
1605 4284 1687 4351 of
1739 4291 1899 4352 {Satn
1950 4274 2159 4351 broce
2206 4305 2297 4351 on
2342 4286 2515 4354 Bone

449 4392 652 4471 pem
719 4386 803 4452 of
857 4384 1366 4471 Eanepasseon
1427 4392 1608 4455 'sone
1661 4385 1909 4451 ealdan
1972 4385 2184 4470 hege3
2246 4386 2328 4452 of
2370 4377 2516 4453 {aa
