3552 5764
963 605 1055 672 ⁴6
1479 621 1821 674 enatus
1870 620 2542 672 suenosuomosn.

967 789 1214 849 stanus
1229 780 1418 848 filius
1445 780 1754 863 suscepit
1769 799 2089 863 regnum,
2110 797 2317 864 quem
2340 779 2669 846 uidelicet
2687 797 2922 862 regem
2952 797 3059 844 re-

968 883 1256 968 quisiuit
1295 881 1478 948 idem
1523 879 1752 958 Godo,
1788 887 1870 946 ut
1900 897 2028 964 pro
2060 899 2147 945 eo
2176 899 2287 946 me
2318 887 2599 962 rogaret
2629 880 2959 964 quatinus
2990 879 3058 944 ei

971 982 1324 1048 redderem
1362 981 1574 1046 libros
1611 986 1951 1045 terrarum
1994 999 2296 1046 suarum.
2387 979 2540 1062 Ego
2573 990 2809 1046 autem
2840 979 3057 1046 libeu-

972 1089 1105 1162 ter,
1133 1082 1410 1148 deuicta
1437 1099 1692 1158 amore,
1717 1079 2046 1147 uidelicet
2070 1081 2253 1164 reg-is
2284 1080 2697 1159 AE’selstani,
2720 1081 2786 1145 ei
2814 1098 2925 1145 orn
2933 1099 3055 1146 nes

968 1182 1181 1248 libros
1251 1189 1592 1248 terrarum
1666 1199 1949 1246 suarum
2016 1180 2302 1258 reddidi,
2368 1187 2661 1265 excepto
2724 1181 2901 1245 libro
2968 1180 3055 1246 de

970 1281 1408 1360 Osterlande,
1469 1300 1674 1366 quem
1733 1280 2002 1346 scilieet
2050 1279 2399 1346 humiliter
2456 1280 2643 1346 bona
2690 1281 3051 1347 uoluntate

969 1383 1249 1449 dimisit.
1351 1382 1653 1464 Insuper
1684 1399 1813 1464 pro
1860 1399 1938 1446 se
1973 1387 2045 1446 et
2082 1381 2399 1446 omnibus
2440 1381 2839 1465 parentibus
2880 1381 3047 1460 suis,

967 1484 1153 1550 natis
1184 1491 1254 1550 et
1288 1481 1589 1549 nondum
1631 1482 1840 1559 natis,
1870 1499 2264 1565 nunoquam
2306 1481 2861 1566 quael-emolliam
2904 1481 3051 1546 fac·

966 1590 1164 1650 turos
1193 1584 1281 1649 de
1310 1582 1664 1667 praedicta
1689 1587 1899 1661 terra,
1928 1600 2161 1648 secum
2192 1581 2493 1665 acceptis
2513 1581 2829 1647 undecim
2862 1599 3047 1646 com-

967 1685 1249 1768 paribus
1293 1684 1462 1762 suis,
1509 1680 1716 1748 michi
1767 1690 2275 1747 sacramentum
2320 1681 2506 1747 fecit.
2609 1680 2771 1747 Hoc
2818 1688 3049 1747 autem

967 1783 1230 1849 factum
1253 1791 1362 1849 est
1387 1784 1462 1848 in
1481 1783 1636 1848 loeo
1655 1783 1776 1865 qui
1798 1783 2190 1847 nominatur
2210 1780 2512 1848 Hamme
2534 1783 2739 1848 iuxta
2764 1780 3047 1848 Loewes.

971 1883 1126 1968 Ego
1160 1892 1390 1949 autem
1427 1883 1768 1967 Eadgyua
1797 1882 2008 1947 habui
2032 1889 2287 1948 terram
2313 1901 2472 1947 cum
2496 1881 2674 1948 libro
2696 1882 2781 1948 de
2813 1881 3051 1947 Oster-

967 1984 1174 2050 lande
1215 1984 1456 2048 diebus
1501 1983 1793 2048 duorum
1836 2001 2076 2064 regum
2112 1981 2504 2048 AEtselsteni
2546 1988 2630 2047 et·
2660 1981 3047 2048 Eadmundi

967 2083 1262 2150 filiorum
1305 2101 1652 2164 meorum3
1697 2081 2015 2148 Eadredo
2056 2100 2337 2166 quoque
2367 2101 2529 2165 rege
2564 2082 2707 2147 filio
2736 2101 2891 2147 meo
2924 2082 3043 2148 de-

971 2183 1236 2262 functo,
1277 2183 1666 2267 despoliata
1702 2197 1855 2246 sum
1892 2182 2207 2248 omnibus
2252 2182 2452 2248 terris
2488 2183 2663 2248 meis
2704 2190 2777 2250 et
2820 2184 3047 2250 rebus.

968 2283 1132 2350 Duo
1163 2301 1436 2368 quoque
1467 2283 1595 2348 filii
1624 2283 1762 2347 iam
1790 2283 2333 2367 saepenominati
2364 2282 2701 2361 Godonis,
2732 2281 3049 2349 Leofsta·

966 2403 1100 2450 nus
1131 2391 1206 2449 et
1239 2382 1620 2460 Leofricus,
1659 2382 2094 2448 abstulerunt
2132 2381 2341 2448 michi
2380 2383 2557 2449 duas
2586 2383 2901 2467 superius
2928 2401 3046 2448 no-

965 2485 1264 2550 minatas
1288 2491 1506 2549 terras
1537 2481 1867 2566 culinges
1894 2490 1968 2549 et
1997 2482 2429 2562 Osterlande,
2454 2491 2927 2568 ueneruntque
2956 2481 3047 2548 ad

965 2603 1250 2668 puerum
1303 2583 1716 2661 Eaduuiuun
1773 2583 1896 2667 qui
1953 2591 2117 2648 tune
2172 2584 2449 2648 nouiter
2490 2583 2765 2650 leuatus
2812 2589 2922 2649 est
2972 2584 3047 2648 in

966 2703 1224 2768 reg-em,
1252 2692 1325 2750 et
1357 2683 1686 2749 dixerunt
1715 2701 1793 2748 se
1828 2685 2152 2749 maiorem
2182 2683 2528 2750 iusticiam
2556 2683 2633 2748 in
2662 2683 2803 2748 illis
2844 2684 3045 2750 terris

965 2783 1219 2850 habere
1247 2803 1454 2868 quam
1485 2802 1640 2867 ego.
1743 2783 2080 2849 Remansi
2110 2802 2276 2866 ergo
2308 2783 2447 2849 illis
2488 2783 2690 2848 terris
2724 2791 2798 2849 et
2826 2785 3045 2848 omni-

964 2886 1095 2951 bus
1151 2886 1306 2951 aliis
1363 2886 1644 2970 priuata
1699 2902 1919 2969 usque
1972 2886 2061 2951 ad
2118 2892 2435 2969 tempora
2487 2881 2795 2968 Eadgari
2838 2884 3043 2969 reg-is.

965 2984 1280 3067 Quicum
1307 2985 1616 3052 audisset
1643 3003 1752 3051 me
1778 2987 1879 3051 ita
1908 2985 2426 3051 dehonestatam
2456 3004 2540 3051 ac
2566 2985 3044 3069 despoliatam,

962 3086 1399 3171 congregatis
1457 3085 1883 3170 principibus
1925 3093 1997 3152 et
2028 3084 2453 3170 sapientibus
2487 3083 2808 3168 Angliae‚
2838 3084 3043 3150 intel·-

961 3186 1140 3253 lexit
1177 3186 1359 3253 enim
1402 3205 1512 3251 me
1553 3204 1711 3250 cum
1761 3203 2016 3270 magua
2070 3186 2419 3251 iniusticia
2468 3185 2674 3251 rebus
2720 3192 2793 3251 et
2838 3184 3043 3251 terris

961 3287 1134 3352 meis
1181 3286 1660 3370 despoliatam,
1703 3286 1884 3350 idem
1926 3304 2053 3351 rex
2112 3286 2477 3369 Eadgarus
2523 3284 2827 3351 restituit
2878 3286 3043 3351 mihi

961 3394 1186 3453 terras
1235 3405 1427 3452 meas
1481 3393 1554 3452 et
1609 3386 1841 3451 omnia
1880 3406 2057 3452 mea.
2156 3386 2312 3470 Ego
2364 3392 2595 3451 autem
2645 3385 2925 3451 lieentia
2972 3394 3044 3451 et

961 3506 1302 3553 eonsensu
1339 3486 1526 3551 illius
1557 3486 2089 3569 testimonioque
2120 3486 2426 3553 omnium
2468 3487 2943 3571 episcoporum
2972 3494 3045 3551 et

963 3587 1372 3671 optimatum
1400 3604 1703 3663 suorum,
1731 3604 1971 3650 omnes
2000 3594 2223 3652 terras
2250 3606 2438 3652 meas
2472 3594 2548 3653 et
2569 3586 2783 3653 libros
2823 3595 3043 3661 terra·

961 3707 1112 3751 rum
1145 3686 1425 3773 propria
1452 3704 1662 3750 manu
1691 3703 1847 3751 mea
1877 3687 2078 3770 posui
2104 3704 2313 3771 super
2338 3688 2559 3753 altare
2582 3686 2839 3753 Christi
2858 3704 3039 3771 quae

961 3788 1100 3853 sita
1131 3796 1242 3854 est
1269 3788 1344 3853 in
1370 3785 1824 3853 Dorobernia.
1924 3786 2001 3852 Si
2043 3787 2201 3870 quis
2243 3785 2419 3851 hanc
2462 3805 2684 3852 meam
2726 3788 3038 3853 donatio-

959 3906 1118 3953 nem
1149 3908 1192 3954 a
1223 3889 1378 3954 iure
1403 3886 1799 3973 praedictae
1828 3886 2162 3953 ecelesiae
2189 3886 2459 3953 auferre
2487 3894 2777 3953 conatus
2808 3887 3039 3967 fuerit,

961 3988 1230 4054 auferat
1259 3990 1326 4053 ei
1356 3988 1791 4072 omnipotens
1821 3987 1993 4053 deus
2018 4004 2305 4070 regnum
2334 4006 2558 4053 suum.

1063 4088 1478 4154 Ooafimau’o.
1568 4088 1720 4171 Ego
1751 4088 2184 4165 Meli-edus,
2216 4086 2329 4152 dei
2360 4088 2745 4171 opitulante
2772 4088 3035 4153 miseri-

959 4188 1194 4253 cordia
1223 4188 1435 4253 totius
1465 4186 1805 4270 Anglicae
1846 4187 2074 4271 gentis
2117 4188 2423 4271 regimen
2464 4188 2781 4265 tenendo,
2825 4188 3038 4272 priui-

955 4288 1156 4370 legiis
1199 4288 1454 4353 auditis
1495 4288 2045 4371 ueter[a]norum
2086 4288 2503 4371 sapientum,
2538 4289 2763 4353 cordis
2808 4295 3037 4353 tactus

956 4389 1500 4472 compunctione,
1547 4387 2072 4472 archipraesulis
2113 4388 2593 4455 exhortatione
2636 4386 2904 4466 Alfrici,
2948 4388 3036 4453 ad
