3552 5764
906 658 1247 709 casana
1291 660 1529 711 Auem
1540 662 1976 714 saxonicas.
2344 648 2474 714 163

1221 916 1624 985 Moccvl.

1043 1063 1557 1147 AEDELRED,
1601 1068 1797 1134 1009.

480 1213 569 1299 >1⁴
646 1213 737 1279 In
796 1216 1069 1280 nomine
1126 1218 1476 1283 creatricis
1534 1226 1605 1283 et
1658 1218 2128 1284 dominatricis
2180 1227 2460 1287 sanctae

386 1313 713 1379 trinitatis
767 1315 879 1381 dei
924 1318 1434 1398 omnipotentis,
1478 1319 1597 1402 qui
1638 1318 1830 1384 solus
1875 1338 2162 1401 regnum
2209 1320 2466 1385 incom-

382 1414 707 1479 mutabile
760 1422 833 1480 et
892 1416 1405 1499 incorruptibile
1456 1426 1665 1501 atque
1723 1418 2066 1485 ineffabile
2126 1428 2462 1503 perpetua

378 1519 722 1593 potestate
753 1516 1061 1598 possidet
1084 1534 1165 1579 ac
1194 1518 1533 1582 continet!
1610 1517 1765 1599 Ego
1801 1518 2149 1597 AEvelred,
2182 1518 2458 1586 Christo

376 1620 742 1693 annuente,
774 1634 901 1679 rex
932 1624 1003 1680 et
1043 1616 1467 1698 primicerius
1512 1618 1725 1682 totius
1768 1616 2108 1695 Almonis,
2144 1619 2456 1704 aliquan-

376 1711 593 1776 tulam
627 1721 853 1779 terrae
894 1716 1419 1798 portiunculam,
1460 1716 1531 1779 id
1570 1724 1701 1793 est,
1737 1718 1942 1781 trium
1974 1720 2101 1784 sub
2131 1720 2454 1784 aestima-

376 1811 557 1877 tione
588 1814 1028 1895 perticarum,
1055 1816 1127 1878 in
1157 1814 1335 1893 loco,
1368 1822 1445 1879 ut
1466 1836 1505 1880 a
1534 1818 1893 1898 gnoscitis,
1923 1816 2221 1883 Hammo
2245 1818 2455 1899 dicto,

374 1930 499 1993 pro
542 1914 843 1978 remedio
886 1916 1155 1978 animae
1197 1934 1390 1979 meae
1426 1915 1515 1980 ad
1561 1916 2120 1981 monasteriolum
2163 1921 2454 1983 sanctis-

372 2012 527 2077 simi
546 2010 763 2090 Petri,
782 2014 1111 2097 principis
1128 2015 1619 2097 apostolorum,
1642 2016 1764 2099 qui
1784 2024 1946 2082 noto
1971 2015 2452 2103 Abelinganye

371 2118 809 2195 nuncupatur
864 2124 1211 2191 onomate,
1276 2115 1365 2178 ad
1428 2116 1980 2199 supplementum
2036 2119 2453 2183 coenobialis

374 2212 561 2277 uitae
597 2211 1027 2279 Christicolis
1074 2215 1201 2279 sub
1238 2213 1527 2279 AElfrico
1579 2216 1829 2282 abbate
1871 2216 2120 2281 ibidem
2165 2218 2294 2283 deo
2337 2218 2454 2284 de-

366 2320 527 2377 uote
572 2313 1031 2379 seruientibus
1076 2313 1369 2379 libenter
1420 2315 1743 2392 concedo,
1801 2324 2142 2399 quatenus
2195 2318 2450 2384 oratio-

368 2430 531 2476 num
564 2430 847 2477 suarum
880 2412 1103 2480 officia
1127 2412 1641 2496 frequentantes
1670 2435 1796 2498 pro
1815 2423 2051 2481 nostra
2073 2416 2448 2499 fragilitate

364 2512 639 2577 enixius
674 2513 1112 2597 interpellare
1145 2515 1477 2579 nitantur.
1570 2514 1660 2580 Et
1694 2514 1824 2579 hoc
1863 2516 2116 2581 donum
2154 2516 2442 2583 liberum

364 2613 453 2677 ab
513 2614 699 2677 omni
766 2613 1099 2679 saeculari
1152 2614 1435 2679 seruitio
1485 2616 2030 2698 perstringimus,
2081 2616 2213 2681 nisi
2265 2618 2444 2684 forte

364 2721 656 2779 cunctae
710 2714 891 2796 plebi
954 2732 1229 2779 necesse
1284 2714 1376 2779 sit
1426 2714 1685 2780 uallum
1737 2723 1862 2781 aut
1916 2715 2174 2780 fossam
2223 2716 2442 2784 hostis

362 2812 657 2878 obiicere
700 2813 1054 2892 exercitui,
1099 2833 1221 2878 seu
1270 2821 1455 2879 certe
1496 2822 1775 2898 pontem
1809 2823 2206 2881 construere
2233 2819 2440 2900 regis,

360 2913 629 2996 regisue
670 2913 1176 2997 expeditionem
1214 2915 1407 2980 inire.
1508 2915 1673 2980 Hoc
1716 2917 1951 2998 itaque
1985 2925 2294 2982 nostrum
2323 2918 2440 2983 de-

356 3021 617 3080 cretum
634 3013 1111 3097 frangentibus
1140 3013 1455 3080 Paradisi
1478 3015 1705 3078 aditus
1735 3015 2148 3097 denegetur3
2179 3034 2434 3098 augen-

356 3114 544 3179 tibus
573 3134 737 3180 uero
766 3135 892 3179 rex
932 3134 1175 3198 regum
1212 3114 1643 3198 omnipotens
1684 3115 1942 3196 gaudia
1987 3133 2432 3198 supernorum

348 3215 605 3279 ciuium
652 3215 725 3278 in
776 3213 1059 3280 coelesti
1122 3213 1495 3279 Ierusalem
1546 3213 1875 3280 concedat
1930 3215 2002 3280 in
2059 3222 2429 3280 aeternum.

354 3314 581 3380 Facta
612 3322 718 3379 est
760 3321 989 3380 autem
1030 3312 1199 3378 haec
1240 3312 1555 3397 praefata
1591 3313 1874 3380 donatio
1917 3334 2098 3379 anno
2141 3315 2430 3381 domiui-

350 3433 475 3480 cae
502 3415 995 3480 incarnationis
1023 3431 1235 3479 .u.1x.
1271 3413 1642 3480 indictione
1667 3430 1812 3480 ,νει
1849 3415 2430 3482 consentientibus

348 3515 612 3582 idoneis
666 3515 981 3592 testibus,
1033 3533 1321 3597 quorum
1379 3515 1655 3580 nomina
1712 3516 1958 3580 subtus
2018 3523 2426 3598 praenotata

345 3613 783 3680 cernentibus
812 3613 997 3679 clare
1029 3620 1413 3697 patescunt.

456 3718 536 3799 ›1‹
575 3715 729 3798 Ego
762 3713 1091 3780 AE’selred
1114 3734 1239 3780 rex
1272 3713 1641 3798 singularis
1658 3714 2004 3797 priuilegii
2029 3714 2426 3782 monarchia

344 3815 701 3902 praeditus
733 3815 937 3880 huius
968 3815 1249 3878 indiculi
1280 3814 1699 3880 soliditatem
1732 3833 1888 3878 eum
1919 3815 2120 3897 signo
2143 3823 2425 3880 sanctae

340 3915 569 3981 crucis
605 3915 694 4001 »Β
734 3915 1195 3980 corroboraui.
1286 3913 1375 3999 »Β
1422 3913 1575 3998 Ego
1618 3912 1953 3978 AElfheah
2003 3915 2423 3980 Doroberni-

336 4016 523 4082 ensis
555 4014 929 4080 aecclesiae
957 4012 1507 4098 archiepiscopus
1539 4012 1843 4079 eiusdem
1888 4015 2071 4096 regis
2113 4013 2426 4080 donatio-

336 4135 495 4182 nem
544 4135 703 4180 cum
758 4113 1021 4180 uexillo
1074 4114 1273 4197 agiae
1324 4114 1546 4179 crucis
1595 4112 2016 4180 confirmaui.
2141 4113 2230 4199 »Β
2273 4115 2425 4198 Ego

336 4215 692 4282 Wulfstan
738 4215 1193 4280 Eboracensis
1232 4213 1605 4281 aecclesiae
1659 4212 2212 4298 archiepiscopus
2261 4235 2422 4280 con·-

336 4317 519 4382 sensi
546 4323 621 4380 et
652 4315 1049 4400 subscripsi.
1155 4315 1244 4401 ›1‹
1283 4314 1434 4397 Ego
1464 4313 1830 4379 AEsselstan
1856 4314 2041 4379 clito.
2145 4314 2234 4400 »Β
2267 4314 2420 4399 Ego

336 4415 701 4482 Eadmund
716 4415 901 4482 clito.
992 4415 1081 4501 »Β
1124 4416 1275 4499 Ego
1306 4413 1577 4480 Eadred
1615 4414 1804 4480 clito.
1895 4414 1984 4500 »Β
2021 4414 2174 4497 Ego
2207 4415 2416 4480 AElfln

2049 4539 2088 4575 u
2112 4530 2144 4576 a
