3552 5764
941 605 1292 658 omui-Au
1341 605 2034 658 Auenti-lixovium.
2454 590 2544 654 47

437 766 716 832 animae
757 765 1192 831 commodum
1234 765 1645 848 deputamus
1687 773 1991 844 nostrae,
2040 765 2205 850 quin
2252 763 2543 848 praede·

435 885 790 934 censorum
825 873 1216 932 nostrorum
1244 866 1520 931 decreto
1545 865 1918 945 firmemus,
1948 866 2077 931 hoc
2103 865 2545 932 aeternaliter

437 973 824 1033 statuentes
885 974 966 1032 ut
1025 967 1224 1050 impii
1280 967 1538 1051 quique
1610 986 1655 1031 a
1712 967 2101 1050 priuilegiis
2170 965 2543 1050 praedictis

441 1066 728 1133 Christo
783 1067 1058 1134 tonanti
1109 1066 1276 1150 quid
1336 1065 1748 1145 auferentem
1796 1067 1925 1132 sub
1985 1066 2425 1132 anathemate
2469 1066 2545 1129 in

443 1175 805 1233 aeternum
845 1187 1008 1232 cum
1047 1166 1325 1232 diabolo
1360 1169 1759 1251 puniantur.
1868 1167 2011 1247 Qui
2041 1185 2209 1231 uero
2238 1166 2417 1230 hanc
2466 1165 2545 1230 li·

441 1268 782 1334 bertatem
815 1267 1136 1351 augendo
1168 1267 1549 1332 firmauerit
1579 1267 1917 1344 illaesam,
1950 1267 2262 1350 piissimo
2302 1266 2549 1330 libere-

447 1374 568 1433 tur
598 1388 647 1433 a
678 1368 978 1446 domino,
1007 1387 1165 1433 cum
1197 1367 1577 1433 nouissima
1609 1368 1995 1434 insonuerit
2025 1367 2218 1445 tuba,
2252 1365 2547 1431 reddens

447 1468 698 1552 cuique
727 1468 1108 1534 secundum
1137 1485 1350 1552 opera
1381 1487 1532 1533 sua.

1151 1759 1849 1828 mccxxxvm.

1174 1881 1824 1991 EKDGKR,mm.

562 2064 641 2147 ›1‹
674 2060 1004 2127 Cunis‘ro
1036 2060 1199 2127 theo
1228 2062 1302 2126 in
1335 2061 1766 2126 saeculorum
1798 2061 2079 2126 saecula
2106 2061 2372 2128 coelum
2404 2069 2545 2128 ter-

453 2181 742 2246 ramque
767 2164 1092 2246 regente!
1183 2161 1581 2227 Humanum
1612 2179 1830 2245 genus
1862 2162 1952 2226 ab
1983 2171 2141 2228 ortu
2172 2179 2302 2228 suo
2332 2161 2545 2228 fluere

455 2281 680 2346 unque
725 2263 814 2328 ad
866 2269 1156 2328 mortem
1211 2261 1590 2328 deficiendo
1643 2262 1941 2328 uidetur.
2044 2261 2179 2328 Sed
2211 2263 2369 2346 pius
2396 2282 2546 2328 om-

457 2363 648 2428 nium
679 2363 1014 2428 uirtutum
1053 2371 1347 2441 amator,
1389 2363 1510 2446 qui
1548 2381 1676 2426 uos
1710 2363 1905 2447 cupit
1944 2361 2253 2428 deuitare
2286 2363 2543 2428 malum

452 2462 844 2548 sectarique
873 2464 1150 2541 bonum,
1183 2462 1438 2528 cotidie
1465 2462 1552 2528 de
1577 2462 2014 2530 lacrimarum
2049 2463 2235 2528 ualle
2268 2463 2358 2528 ad
2386 2482 2543 2530 coe-

453 2562 658 2628 lestia
683 2581 900 2647 regna
933 2583 1114 2646 quae
1139 2571 1532 2629 nostrarum
1565 2563 1897 2629 mentium
1924 2581 2173 2628 senem
2194 2562 2544 2629 excedunt

453 2663 554 2728 ire
581 2663 918 2730 foeliciter
945 2669 1309 2742 monstrat,
1341 2663 1510 2749 quia
1545 2671 1829 2730 aeterna
1864 2669 2259 2730 sanctorum
2288 2664 2547 2747 gaudia

457 2783 642 2828 nunc
685 2765 1106 2847 cogitatione
1147 2764 1495 2848 penetrari
1538 2772 1850 2847 possunt.
1953 2763 2154 2829 Unde
2196 2782 2329 2848 ego
2364 2763 2547 2829 Ead-

457 2884 588 2947 gar
609 2884 738 2929 rex
765 2862 1177 2949 Anglorum,
1197 2864 1468 2931 cuidam
1497 2884 1652 2931 meo
1679 2864 1867 2931 fideli
1890 2865 2203 2931 ministro
2235 2865 2543 2931 uocitato

459 2966 734 3030 nomine
783 2964 1114 3031 Eadwine
1161 2982 1324 3031 xx,
1365 2984 1642 3031 mansas
1687 2964 2181 3049 perpetualiter
2220 2964 2547 3044 concedo,

458 3064 606 3129 illic
633 3065 750 3130 ubi
781 3062 1084 3149 Anglica
1127 3064 1590 3150 appellatione
1623 3065 1877 3130 dicitur
1908 3072 2025 3130 aet
2064 3064 2431 3142 Mol-dune,
2464 3072 2549 3129 ut

461 3172 718 3229 terram
754 3166 894 3229 iam
936 3165 1342 3249 praefatam,
1381 3184 1536 3231 meo
1577 3165 1841 3231 scilicet
1886 3170 2143 3229 ouante
2190 3182 2547 3242 concessu,

461 3265 852 3330 tramitibus
879 3284 1046 3331 suae
1077 3266 1430 3349 possideat
1463 3266 1690 3347 uitae;
1735 3264 2057 3349 deinceps
2086 3282 2383 3347 namque
2410 3265 2545 3331 sibi

459 3364 856 3431 succedenti
913 3366 1318 3449 cuicumque
1384 3366 1683 3431 noluerit
1747 3364 2025 3431 haeredi
2089 3365 2549 3450 derelinquat,

463 3484 590 3531 ceu
642 3466 982 3550 praedixi,
1029 3467 1102 3531 in
1149 3474 1500 3533 aeternam
1546 3466 2060 3532 haereditatem.
2161 3465 2268 3532 Sit
2314 3474 2545 3531 autem

463 3566 888 3649 praedictum
936 3586 1056 3631 rus
1104 3567 1396 3632 liberum
1441 3566 1530 3633 ab
1567 3567 1753 3633 omni
1799 3566 2131 3633 mundiali
2162 3565 2546 3645 obstaculo,

467 3684 622 3731 cum
665 3666 980 3735 omnibus
1021 3686 1200 3751 quae
1242 3668 1331 3732 ad
1383 3668 1609 3751 ipsum
1655 3667 1885 3733 locum
1931 3667 2273 3753 pertinere
2312 3665 2545 3731 dinos-

469 3776 740 3845 cuntur,
767 3774 910 3831 tam
947 3768 1022 3832 in
1051 3769 1318 3851 magnis
1347 3786 1556 3851 quam
1589 3767 1660 3832 in
1693 3766 1979 3833 modicis
2007 3768 2235 3844 rebust,
2258 3766 2547 3850 campis,

467 3868 766 3951 panonia,
808 3868 1052 3950 pratis,
1097 3868 1317 3946 siluiS,
1357 3868 1506 3932 sine
1548 3868 2010 3951 expeditione,
2058 3874 2133 3931 et
2171 3867 2401 3948 pontis
2436 3885 2549 3931 αι·-

463 3968 656 4033 cisue
681 3967 1154 4033 instructione.
1261 3968 1734 4033 Minuentibus
1773 3986 1939 4033 uero
1974 3974 2184 4049 atque
2226 3965 2545 4049 frangen-

465 4067 654 4133 tibus
717 4067 896 4132 hanc
951 4066 1419 4146 donationem,
1468 4066 1652 4152 quod
1698 4073 1867 4150 opto
1920 4068 2103 4131 absit
2150 4085 2195 4131 a
2244 4066 2545 4133 fidelium

461 4167 830 4245 mentibus,
863 4167 988 4233 fiat
1030 4187 1194 4252 pars
1224 4187 1462 4233 eorum
1505 4187 1662 4233 cum
1703 4167 1845 4232 illis
1884 4167 1971 4233 de
2008 4168 2257 4251 quibus
2302 4177 2552 4235 contra

461 4266 674 4346 fatur,
703 4274 726 4302 ‘
749 4267 1105 4334 Discedite
1137 4288 1184 4335 a
1211 4288 1322 4334 me
1353 4268 1640 4350 maligni
1671 4267 1745 4332 in
1772 4268 2001 4351 ignem
2036 4275 2391 4335 aeternum
2422 4268 2545 4352 qui

459 4376 748 4451 paratus
801 4376 910 4434 est
961 4368 1268 4436 Satanae
1315 4378 1387 4435 et
1434 4367 1849 4434 satellitibus
1904 4368 2099 4448 eius:
2147 4370 2279 4435 nisi
2330 4370 2547 4454 prius,
