3552 5764
1201 595 1596 644 Arrnumx.
2317 577 2445 646 241

367 761 488 816 aut
512 751 830 816 libertate
861 769 1070 834 quam
1099 749 1188 814 ad
1219 771 1416 816 suum
1450 750 1758 816 hundred
1792 753 1893 817 eis
1916 753 2223 818 concessi
2250 754 2443 838 quic-

369 869 573 933 quam
602 849 916 933 perdant,
935 850 1054 914 sed
1079 850 1374 917 babeant
1399 852 1532 934 ipsi
1552 851 1648 916 ibi
1669 852 1901 917 omnia
1928 871 2106 936 quae
2128 852 2219 917 ad
2238 871 2439 917 suum

367 953 496 1027 ius,
542 949 614 1014 id
669 957 776 1014 est
823 950 913 1014 ad
964 951 1242 1015 tertium
1295 952 1779 1028 centuriatum,
1830 953 2175 1034 pertinent
2220 971 2441 1036 aeque

367 1051 637 1132 integra
669 1051 812 1118 acsi
857 1069 978 1133 per
1015 1069 1091 1115 se
1131 1057 1525 1134 separatum
1567 1059 1821 1128 essent,
1855 1050 2173 1117 uidelicet
2207 1051 2441 1118 debita

365 1150 986 1232 transgressionum
1013 1157 1086 1214 et
1107 1169 1395 1233 poenam
1425 1150 1851 1228 delictorum,
1873 1160 1945 1215 et
1966 1157 2239 1217 caetera
2261 1171 2439 1235 quae

365 1251 680 1334 superius
730 1249 1222 1333 comprehensa
1261 1258 1450 1328 sunt,
1489 1269 1667 1334 quae
1700 1253 1801 1316 eis
1839 1251 2053 1316 libere
2094 1259 2167 1316 et
2211 1252 2441 1334 quiete

367 1348 859 1434 perpetualiter
912 1350 1206 1415 tenenda
1271 1351 1614 1431 concessi3
1666 1351 1941 1434 sintque
1988 1350 2161 1416 haee
2210 1352 2441 1417 omnia

367 1457 438 1514 et
465 1467 914 1532 quaecunque
962 1449 1236 1514 illorum
1273 1457 1438 1515 sunt
1484 1450 1616 1515 sub
1665 1452 1815 1516 eius
1858 1469 2067 1516 manu
2102 1458 2176 1517 et
2208 1457 2439 1536 potes-

367 1556 535 1627 tate,
564 1549 684 1632 qui
725 1547 896 1632 ipsis
939 1549 1008 1613 in
1053 1549 1416 1615 monastici
1458 1549 1716 1616 ordinis
1758 1551 2089 1633 regimine
2129 1553 2259 1616 sub
2303 1553 2442 1635 epi·

367 1667 578 1733 scopo
625 1649 1056 1732 praepositus
1093 1649 1324 1714 fuerit.
1427 1648 1568 1729 Qui
1610 1650 1672 1714 si
1717 1670 1817 1715 se.
1844 1650 2144 1716 uiderint
2186 1650 2439 1716 iniuste

363 1749 648 1831 grauari
681 1747 794 1813 uel
823 1748 894 1811 ui
923 1748 1238 1831 opprimi,
1267 1748 1374 1814 fas
1410 1750 1504 1814 sit
1534 1750 1634 1814 eis
1677 1750 1768 1814 ad
1798 1750 2031 1832 regiae
2056 1751 2439 1816 maiestatis

366 1857 436 1913 et
463 1848 958 1930 archiepiscopi
999 1867 1294 1914 examen
1335 1854 1407 1912 et
1437 1849 1750 1928 tutelam,
1782 1850 1844 1914 si
1884 1855 2113 1914 tamen
2160 1869 2440 1916 necesse

365 1948 594 2023 fuerit,
629 1947 1025 2030 confugere,
1078 1947 1198 2032 qui
1234 1954 1518 2032 propter
1554 1949 1758 2013 deum
1800 1951 2171 2033 equitatem
2206 1957 2279 2016 et
2308 1949 2441 2015 cle-

367 2055 662 2114 mentem
690 2047 1152 2112 defensionem
1181 2047 1280 2112 eis
1308 2048 1730 2131 impendant.
1790 2048 2243 2115 Seruantibus
2271 2048 2440 2115 haec

369 2149 516 2212 uita
531 2153 816 2213 aeterna
829 2147 964 2212 trib
971 2154 1176 2212 natur
1190 2166 1235 2212 a
1252 2146 1530 2212 domino
1549 2148 1622 2212 in
1639 2148 2071 2214 coelestibus.
2130 2147 2437 2228 Quicun-

366 2267 502 2332 que
530 2267 696 2312 uero
723 2247 1142 2314 imminuerit
1169 2247 1284 2312 uel
1320 2247 1392 2310 in
1418 2248 1615 2330 peius
1656 2247 1988 2314 mutando
2016 2249 2440 2315 subtraxerit

365 2349 466 2412 eis
523 2346 892 2431 quicquam
949 2346 1035 2412 de
1083 2347 1193 2423 iis,
1242 2347 1336 2412 sit
1388 2365 1550 2429 pars
1607 2348 1755 2412 eius
1818 2367 1973 2413 cum
2031 2347 2317 2414 Dathan
2368 2357 2439 2414 et

369 2445 657 2524 Abii-on,
699 2455 771 2510 et
834 2465 990 2510 cum
1059 2445 1238 2513 Iuda
1295 2446 1624 2511 traditore
1679 2447 1964 2525 domini,
2027 2458 2098 2514 et
2162 2447 2438 2514 Iuliano

365 2553 692 2630 apostata
762 2546 1248 2611 aecclesiarum
1322 2545 1434 2612 dei
1509 2566 1915 2630 oppressore
1980 2555 2053 2611 et
2120 2567 2441 2630 persecu-

367 2653 540 2724 tore,
575 2655 856 2712 aeterno
895 2644 1334 2712 anathemate
1385 2645 1644 2728 ligatus
1683 2667 1838 2712 cum
1890 2646 2164 2712 diabolo
2208 2655 2281 2711 et
2320 2667 2439 2712 an-

367 2746 542 2830 gelis
595 2747 744 2812 eius
791 2744 1238 2810 infernalibus
1295 2746 1572 2829 ignibus
1622 2751 1954 2829 perpetuo
2008 2746 2440 2825 cruciandae,

365 2846 497 2911 nisi
569 2845 930 2931 resipiscat
996 2851 1069 2910 et
1113 2845 1452 2925 emendet,
1531 2842 1796 2911 Amen!
1880 2847 2120 2911 amen!
2196 2847 2435 2912 amen!

369 2946 569 3012 Fiat!
627 2945 788 3011 fiat!
843 2945 1002 3011 fiat!
1119 2944 1339 3011 Facta
1387 2952 1554 3010 sunt
1600 2944 1771 3010 haec
1824 2962 2003 3008 anno
2056 2946 2441 3011 dominicae

365 3046 756 3112 natiuitatis
809 3060 1323 3109 ‚occccmxum
1371 3042 1746 3109 indictione
1795 3058 1973 3107 ‚v111.
2020 3045 2216 3127 regni
2274 3064 2438 3110 uero

365 3146 672 3228 Eadgari
705 3143 1093 3228 Anglorum
1143 3144 1328 3226 regis
1359 3144 1606 3221 ‚v1.,in
1655 3144 1849 3226 regia
1894 3143 2066 3208 urbe
2119 3162 2297 3226 quae
2351 3146 2439 3209 ab

363 3244 610 3311 incolis
645 3244 1198 3311 Gleaweceastre
1255 3243 1669 3321 nominatur,
1732 3243 1805 3307 in
1866 3242 2097 3308 natale
2159 3243 2439 3321 domini,

367 3345 816 3429 festi[uitate]
872 3350 1266 3409 sauctorum
1314 3344 1770 3421 innocentum,
1826 3341 1999 3407 feria
2053 3359 2213 3407 am.
2318 3342 2443 3407 Dis

366 3445 633 3529 syndon
661 3444 749 3510 Ba
783 3463 871 3528 ge
903 3490 1184 3510 ......
1216 3431 1474 3508 wast-on
1509 3489 1530 3509 .
1558 3489 1576 3507 .
1611 3441 1751 3507 mid
1796 3446 1836 3529 Ρ
1865 3490 1883 3505 .
1906 3490 1924 3507 .
1956 3449 2289 3524 tumunge
2316 3462 2439 3525 ge-

367 3544 688 3630 trymdon
735 3544 869 3609 and
911 3589 1196 3608 ......
1226 3560 1346 3605 urs
1400 3541 1656 3625 allinge
1697 3540 2167 3625 gefaestnodon
2201 3533 2442 3626 fippon

365 3645 581 3709 allum
633 3631 798 3709 vam
845 3648 938 3708 ’6e
981 3643 1092 3708 'Sis
1145 3631 1382 3707 findo&
1439 3646 1619 3709 o'86e
1659 3642 2023 3724 gewania’6
2086 3644 2265 3707 o’Sve
2318 3659 2439 3725 ge-

367 3747 663 3809 nemnais
707 3788 726 3805 .
763 3790 780 3809 .
833 3740 998 3809 οὸδο
1065 3741 1145 3806 of
1192 3729 1385 3807 ’δῶτε
1432 3740 1778 3807 munekan
1842 3739 2155 3807 anwalde
2201 3741 2299 3825 eft
2350 3760 2440 3805 on

364 3844 658 3909 clerican
692 3842 876 3908 hand
911 3846 1272 3926 getyrnav.
2290 3838 2302 3845 “

471 3946 552 4027 ›1‹
626 3942 780 4027 Ego
848 3942 1127 4023 Eadgar
1177 3939 1480 4007 basileus
1541 3936 1929 4022 Aug-lorum
1997 3947 2066 4005 et
2144 3940 2440 4023 impera-

366 4050 474 4107 tor
560 4064 800 4125 regum
885 4042 1195 4126 gentium
1281 4059 1437 4105 cum
1507 4058 1844 4105 consensu
1916 4039 2300 4122 principum
2371 4046 2443 4105 et

366 4143 855 4209 archuntorum
949 4160 1251 4207 meorum
1343 4138 1520 4204 hanc
1607 4157 1830 4203 meam
1910 4138 2443 4204 munificentiam

365 4244 563 4325 signo
649 4244 873 4308 crucis
965 4240 1220 4307 Christi
1312 4240 1702 4305 corroboro.
1849 4240 1927 4321 ›1‹
2024 4238 2178 4321 Ego
2264 4238 2443 4303 AElf-

358 4346 538 4427 tiry’s
577 4342 819 4426 regina
861 4341 1174 4409 consensi
1205 4347 1278 4406 et
1317 4339 1518 4422 signo
1565 4338 1791 4404 crucis
1822 4336 2241 4403 confirmaui.
2353 4341 2434 4422 ›1‹

460 4460 631 4509 rou.
667 4459 762 4507 vt.
2100 4454 2145 4502 n
