3552 5764
966 602 1095 669 1⁷4
1512 617 1855 667 cusu-mm
1900 617 2582 667 Anemsxxomoan.

962 776 1190 841 animo
1223 776 1525 840 concedo
1553 775 2042 841 monasterium
2071 775 2244 840 haec
2271 783 2453 839 sunt.
2534 773 2764 838 Unum
2787 772 3048 839 scilicet

965 875 1148 959 apud
1202 874 1703 953 Feornebeorh,
1752 876 2046 941 alterum
2087 873 2269 958 apud
2301 872 2863 949 Wilmaleahtun‚
2914 881 3048 939 ter-

964 976 1137 1041 tium
1190 975 1374 1058 apud
1438 974 1683 1058 Cyrne.
1789 975 1946 1041 Has
2001 983 2336 1039 terrarum
2392 975 2742 1058 portiones
2805 973 3047 1037 AEltric

964 1082 1421 1159 cognomento
1474 1073 1662 1140 Puer
1700 1094 1745 1139 a
1785 1076 2083 1158 quadam
2117 1076 2326 1140 uidua
2371 1074 2656 1139 Eadfled
2699 1071 3049 1157 appellata

962 1176 1295 1240 uiolenter
1336 1176 1695 1252 abstraxit,
1730 1194 1815 1240 ac
1846 1175 2088 1241 deinde
2131 1195 2288 1239 cum
2330 1176 2404 1238 in
2431 1176 2685 1241 ducatu
2727 1193 2854 1238 suo
2885 1192 3046 1238 oon-

963 1281 1073 1339 tra
1105 1295 1215 1339 me
1256 1281 1327 1340 et
1360 1282 1602 1340 contra
1634 1294 1900 1340 omnem
1945 1282 2218 1359 gentem
2253 1294 2475 1339 meam
2505 1294 2666 1339 reus
2697 1273 3047 1349 existeret,

961 1382 1031 1440 et
1063 1375 1192 1440 hae
1222 1392 1397 1457 quas
1438 1375 1952 1458 praenominaui
1996 1375 2341 1458 portiones
2374 1382 2446 1439 et
2479 1375 2840 1439 uniuersae
2872 1391 3046 1456 quas

962 1473 1365 1571 possederat
1408 1480 1744 1540 terrarum
1791 1476 2253 1558 possessiones
2295 1493 2488 1539 meae
2529 1476 2856 1539 subactae
2889 1479 3050 1537 sunt

963 1574 1227 1651 ditioni,
1262 1576 1538 1657 quando
1564 1574 1653 1639 ad
1684 1574 2017 1658 synodale
2045 1574 2406 1639 concilium
2435 1573 2524 1639 ad
2560 1574 3048 1657 Cyrneceastre

965 1675 1269 1739 uniuersi
1308 1675 1675 1757 optimates
1719 1676 1856 1740 mei
1897 1674 2099 1739 simul
2145 1675 2214 1739 in
2247 1694 2456 1738 unum
2484 1678 2956 1740 conuenerunt
2979 1679 3048 1736 et

964 1774 1252 1839 eundem
1290 1774 1653 1841 AElfrieum
1688 1776 2069 1839 maiestatis
2107 1793 2295 1838 reum
2334 1773 2420 1839 de
2455 1773 2585 1838 hac
2620 1773 2849 1857 patria
2889 1791 3044 1854 pro-

964 1873 1200 1957 fugum
1243 1873 1676 1957 expulerunt,
1718 1882 1792 1939 et
1827 1876 2152 1939 uniuersa
2193 1876 2280 1939 ab
2315 1874 2436 1939 illo
2475 1892 2794 1956 possessa
2843 1871 3046 1938 michi

966 1972 1113 2038 iure
1139 1972 1549 2058 possidenda
1592 1994 1827 2039 omnes
1857 1976 2179 2039 unanimo
2219 1992 2554 2039 consensu
2581 1973 3048 2039 decreuerunt.

968 2074 1237 2138 Deinde
1266 2074 1647 2157 praefatam
1674 2076 1978 2152 uiduam,
2007 2094 2134 2158 pro
2167 2093 2400 2139 amore
2429 2074 2836 2155 optimatum
2863 2092 3046 2137 meo-

966 2194 1119 2239 rum
1145 2175 1263 2258 qui
1284 2176 1434 2238 eius
1462 2174 1646 2257 apud
1668 2195 1780 2239 me
1799 2176 2175 2239 extiterant
2206 2172 2552 2251 aduocati,
2581 2192 2778 2239 suam
2812 2171 3046 2239 haere·

968 2274 1254 2338 ditatem
1283 2274 1631 2357 possidere
1662 2274 1980 2339 clementi
2013 2274 2440 2356 benignitate
2467 2274 2766 2357 permisi,
2795 2280 2866 2339 et
2897 2273 3047 2355 ipsa

970 2371 1243 2439 tandem
1298 2373 1373 2436 in
1431 2380 1743 2439 extrema
1800 2393 1966 2439 suae
2014 2374 2444 2457 migrationis
2493 2374 2836 2439 sententia
2883 2372 3046 2436 mihi

969 2490 1205 2537 rursus
1259 2473 1651 2538 earumdem
1701 2481 2036 2538 terrarum
2089 2475 2588 2557 possessionem
2636 2473 2932 2556 benigno
2981 2480 3052 2537 et

968 2572 1209 2639 libenti
1253 2573 1481 2637 animo
1540 2575 1612 2637 in
1657 2572 2070 2657 perhennem
2120 2572 2485 2657 dereliquit
2535 2574 3044 2639 haereditatem.

968 2672 1316 2737 Tellurem
1348 2692 1514 2737 uero
1544 2672 1633 2737 ad
1682 2673 1942 2757 Pyrian
1976 2692 2183 2756 quam
2216 2676 2423 2739 etiam
2452 2673 2535 2739 ad
2566 2672 2748 2738 idem
2781 2671 3048 2757 praefa-

972 2781 1120 2838 tum
1148 2773 1446 2837 concedo
1480 2774 1992 2851 monasterium,
2026 2793 2234 2839 unam
2271 2774 2546 2839 illarum
2585 2779 2860 2839 constat
2897 2790 3048 2839 esse

970 2879 1303 2939 terrarum
1332 2893 1510 2957 quas
1539 2873 1940 2941 AE’e'elward
1975 2872 2366 2940 Ceolfledae
2393 2874 2574 2940 filius
2617 2873 2782 2940 mihi
2827 2880 3048 2942 aeter-

970 2974 1218 3038 naliter
1271 2973 1716 3057 possidendas
1773 2995 1898 3059 pro
1951 2993 2104 3040 mea
2137 2976 2428 3040 donauit
2455 2975 2781 3039 amicitia.
2847 2973 3050 3040 Omni

972 3073 1185 3156 uulgo
1211 3072 1416 3156 longe
1444 3075 1723 3158 lateque
1752 3074 1924 3140 satis
1955 3083 2064 3140 est
2093 3075 2446 3157 cognitum
2475 3074 2774 3159 qualiter
2797 3075 2952 3158 ipse
2982 3082 3053 3139 et

973 3172 1184 3238 frater
1210 3173 1359 3238 eius
1392 3182 1633 3240 contra
1660 3195 1769 3240 me
1819 3176 1918 3240 rei
1967 3175 2344 3254 extiterint,
2387 3174 2818 3258 qualiterque
2849 3175 3054 3239 ambo

972 3293 1189 3339 meam
1239 3273 1667 3340 inimicitiam
1720 3275 2154 3357 exigentibus
2203 3277 2348 3341 suis
2399 3276 2700 3340 reatibus
2751 3275 3054 3340 incurre-

974 3373 1133 3438 rint.
1259 3371 1459 3438 Haec
1519 3375 1984 3457 praefatarum
2038 3374 2408 3459 descriptio
2472 3382 2809 3441 terrarum
2870 3375 3054 3440 facta

972 3481 1077 3538 est
1140 3491 1262 3556 per
1321 3473 1856 3538 admonitionem
1918 3474 2186 3540 Ordulfi
2251 3474 2574 3540 auunculi
2631 3477 2789 3552 mei,
2843 3482 3051 3556 atque

972 3572 1352 3638 AEvelmari
1396 3574 1994 3656 consanguinitate
2033 3574 2200 3638 mihi
2243 3575 2726 3658 conglutinati,
2763 3581 2837 3638 et
2868 3573 3050 3640 Wlf-

972 3674 1117 3756 gati
1140 3673 1433 3737 ministri
1462 3674 1593 3738 mei
1622 3673 1878 3751 dilecti,
1909 3693 2173 3740 necnon
2199 3683 2270 3740 et
2301 3675 2570 3740 abbatis
2592 3675 2725 3739 mei
2753 3673 3056 3757 Wlfgari

973 3779 1125 3838 tota
1154 3772 1321 3837 mihi
1349 3771 1713 3840 deuotione
1755 3774 2054 3857 benigni,
2088 3775 2210 3872 qui
2252 3795 2360 3840 me
2395 3775 2734 3858 frequenti
2767 3792 3055 3858 sugges-

973 3873 1159 3938 tione
1210 3892 1368 3938 cum
1422 3881 1848 3940 caeterorum
1905 3873 2205 3942 fidelium
2255 3875 2674 3941 commonuit
2737 3874 3057 3940 suasione

972 3973 1296 4056 quatinus
1319 3972 1429 4038 dei
1456 3974 1942 4059 omnipotentis
1969 3975 2458 4041 haereditatem
2485 3995 2576 4040 ex
2601 3974 2836 4058 aliqua
2859 3983 3058 4058 parte

976 4073 1307 4137 innouare
1356 4079 1429 4138 et
1484 4093 1740 4157 augere
1800 4093 2150 4151 curarem;
2215 4075 2398 4159 quod
2455 4083 2528 4140 et
2576 4075 2705 4140 feci
2775 4085 3059 4159 propter

977 4170 1255 4246 Christi,
1280 4174 1401 4256 qui
1422 4193 1533 4238 me
1562 4175 1633 4238 in
1668 4195 1884 4259 regno
1909 4176 2332 4254 sublimauit,
2363 4195 2686 4254 amorem,
2709 4182 2783 4239 et
2819 4195 3055 4240 eorum

976 4270 1095 4354 qui
1128 4289 1237 4335 me
1266 4273 1488 4338 amica
1526 4273 1928 4341 assiduitate
1955 4275 2038 4340 ad
2063 4296 2282 4342 meam
2327 4275 2787 4341 exhortantur
2823 4295 3055 4340 neces-

973 4371 1223 4436 sariam
1274 4378 1345 4436 et
1394 4379 1746 4439 aeternam
1794 4375 2110 4452 salutem,
2155 4383 2226 4442 et
2274 4384 2558 4461 propter
2608 4375 2932 4441 humilem
2987 4383 3058 4440 et
