3552 5764
986 571 1328 634 cnaeus
1376 572 2068 629 Auemsaxomcan.
2482 566 2571 629 55

473 751 597 816 per
617 785 622 790 .
642 731 1109 804 testimonium
1154 730 1542 826 Eadgyuae
1597 732 1873 814 reginae
1922 741 1993 808 et
2037 733 2301 810 Odonis
2328 737 2567 810 archi·

471 831 779 915 episcopi
808 838 882 899 et
913 830 1178 914 AElfegi
1205 831 1330 896 filii
1368 831 1699 908 AElfstani
1731 839 1803 910 et
1842 833 2113 910 AElfrici
2153 835 2384 904 fratris
2416 837 2565 902 eius

475 938 546 996 et
589 931 906 1019 AElfno’6i
950 931 1583 1015 cognomine3Pilia
1609 939 1698 1009 ,et
1743 931 2097 1012 Goduuini
2134 936 2219 1012 de
2265 937 2562 1010 Fecham

475 1039 550 1096 et
577 1031 857 1098 Eadrici
899 1033 984 1098 de
1039 1031 1160 1099 Ηο
1202 1040 1275 1098 et
1321 1031 1529 1099 AElfsi
1577 1032 1963 1116 presbyter-i
2008 1035 2097 1105 de
2139 1036 2558 1115 Croindene;

474 1139 546 1195 et
583 1131 856 1198 cuidam
889 1130 1297 1225 wulfstano
1331 1131 1672 1208 ,dederunt
1705 1150 1853 1200 mx.
1886 1153 2167 1208 mancas
2200 1137 2564 1208 auridiui-

473 1231 634 1306 dere
653 1234 1094 1317 pauperibus,
1115 1253 1252 1316 pro,
1267 1233 1627 1310 animabus
1644 1233 1789 1301 suis
1808 1258 1835 1308 ;,
1877 1242 1947 1302 et
1970 1235 2239 1308 cuidam
2262 1237 2562 1314 Wulfsio

475 1331 881 1398 tantundem
926 1332 1234 1408 diuidere
1277 1333 1800 1418 proanimabus
1834 1353 2092 1413 eorum,
2128 1342 2200 1408 et
2232 1357 2386 1415 cum
2433 1338 2562 1402 deo

475 1441 694 1514 agant
720 1432 1048 1498 indicium
1081 1434 1213 1501 nisi
1244 1432 1541 1507 ‚fideliter
1581 1433 1887 1508 fecerint.
1994 1435 2142 1518 Ego
2176 1436 2561 1508 Brihtricus

473 1551 602 1614 pro
653 1531 786 1606 dei.
812 1551 1046 1602 amore
1092 1552 1265 1615 rogo
1306 1533 1670 1606 dominnm.
1697 1553 1930 1610 meum,
1972 1532 2441 1612 dulcissimum
2484 1547 2564 1602 ut

469 1632 610 1696 ista
637 1639 876 1700 nostra
915 1633 1197 1710 donatio
1232 1632 1654 1708 inuiolabilis
1697 1645 2123 1716 permaneat,
2162 1655 2289 1718 nec
2332 1657 2484 1704 eam
2519 1658 2564 1703 a

469 1750 822 1816 quoquam
889 1731 1136 1806 uiolari
1195 1733 1584 1816 permittat.
1699 1732 2029 1808 Similiter
2092 1755 2419 1818 rogamus
2492 1746 2562 1803 et

467 1833 772 1914 petimus
802 1852 1038 1902 omnes
1071 1832 1331 1911 amicos
1379 1831 1490 1910 dei
1518 1833 1862 1916 quatinus,
1881 1835 2077 1898 nobis
2107 1835 2456 1908 adiutores
2490 1838 2562 1903 in

467 1931 599 1996 hac
667 1952 742 1997 re
808 1933 1136 1999 existant.
1195 1983 1201 1988 .
1279 1932 1376 2008 Et
1448 1932 1839 2016 quicunque
1910 1952 2063 1998 eam
2127 1936 2563 2020 aliquatenus

467 2032 735 2098 uiolare
767 2033 1379 2116 praesumpserint,
1411 2033 1501 2098 ab
1519 2032 1684 2116 ‚ipso
1716 2031 1993 2108 domino
2029 2034 2305 2126 Christo
2339 2037 2561 2102 iudice

467 2139 822 2201 aeternum
877 2133 1217 2219 recipiant
1272 2131 1624 2206 iudicium.
1728 2133 1823 2201 Et
1883 2134 2004 2216 qui
2038 2153 2205 2210 ,eam
2265 2136 2559 2202 inuiola-

467 2232 672 2308 bilem
719 2235 1310 2312 conseruauerint,
1357 2233 1568 2308 deum
1621 2233 1752 2301 sibi
1797 2234 2101 2308 sentiant
2144 2235 2353 2308 affore
2401 2255 2558 2321 pro-

469 2333 738 2414 prtium.

1199 2597 1210 2608 .
1265 2548 1771 2618 Mccxmll.

1192 2670 1634 2786 nibella,
1677 2701 1834 2768 963.

463 2902 475 2911 ,
571 2837 674 2919 ιιι.
689 2833 959 2912 Ammn
1005 2833 1444 2912 auctoritatis
1485 2833 1918 2919 agiographa
1956 2833 2556 2911 nosaltibohando

461 2937 867 3011 ,corroborat
933 2934 1191 3013 dicens,
1251 2940 1272 2969 ‘
1291 2934 1546 3009 Nudus
1601 2954 1922 3018 egressus
1946 3016 1967 3025 ..
1984 2954 2137 2999 sum
2200 2956 2291 3009 ex
2355 2943 2555 3001 utero

462 3038 716 3113 mati-is⁴
751 3054 970 3113 meae,
1017 3044 1090 3101 et
1117 3034 1349 3105 nudus
1396 3040 1706 3101 reuertar
1749 3034 1915 3100 illuc
1935 3059 1954 3109 ;
1972 3035 1990 3060 ’
2044 3039 2065 3069 ‘
2091 3032 2161 3099 N
2164 3032 2552 3125 ichilintu-

461 3136 668 3203 limus
693 3137 774 3222 ‘in
819 3136 1002 3211 hunc„
1025 3135 1378 3212 mundum,
1410 3153 1653 3200 nerum
1696 3153 1829 3209 nec,
1856 3134 1945 3202 ab
1974 3152 2059 3207 eo
2090 3133 2359 3209 auferre
2386 3134 2552 3217 quid

458 3236 888 3321 poterimus?
995 3233 1442 3321 Quapropter
1471 3253 1604 3317 ego
1635 3232 1919 3327 Eadgar
1968 3233 2189 3303 tocius
2225 3234 2555 3319 Bryttan-

459 3338 618 3403 niae
651 3334 982 3414 basileus,
1013 3336 1362 3420 quandam
1405 3334 1674 3409 telluris
1704 3333 2114 3419 particulam
2152 3351 2330 3409 mu.
2363 3334 2552 3400 uide-

458 3436 622 3523 licet
665 3444 1003 3514 cassatos,
1033 3436 1189 3504 loco
1219 3436 1340 3520 qui
1388 3434 1638 3501 celebri
1661 3442 1779 3523 eet
1807 3434 2253 3511 Embresham
2288 3454 2552 3511 nuncu-

461 3545 669 3619 patur
701 3536 1066 3613 uocabulo,
1100 3534 1375 3601 domino
1407 3542 1644 3600 nostro
1677 3534 1893 3612 Ihesn
1921 3534 2201 3613 Christo
2232 3542 2552 3609 sanctae-

461 3656 596 3719 que
657 3638 806 3703 eins
857 3635 1230 3713 aecclesiae
1263 3636 1486 3715 ⁴beato
1531 3634 1853 3711 Andreae
1913 3634 2230 3718 apostolo
2281 3634 2552 3699 dicatae

461 3736 615 3803 loco
659 3738 778 3822 qni
815 3736 1069 3813 celebri
1117 3745 1212 3813 eet
1265 3734 1524 3813 Meone,
1573 3741 2033 3818 nuncupatur.
2064 3740 2408 3811 onomate,
2459 3735 2547 3799 ad

463 3855 632 3901 usus
661 3856 1018 3903 seruorum
1038 3836 1150 3900 dei
1165 3835 1336 3900 inibi
1368 3835 1784 3929 degentium,
1816 3854 1975 3907 cum
2003 3833 2321 3911 omnibus
2337 3840 2548 3909 ,uten-

455 3936 721 4014 silibuS,
766 3936 986 4021 pratis
1025 3936 1366 4012 uidelicet,
1408 3935 1709 4018 pascuis,
1755 3933 1975 4011 siluis,
2018 3940 2298 3997 aeterna
2338 3933 2549 4017 largi-

458 4046 574 4103 tus
605 4057 758 4102 sum
793 4035 1242 4103 haereditate.
1345 4033 1454 4100 Sit
1486 4041 1716 4098 autem
1758 4033 2185 4117 praedictum
2213 4052 2331 4097 rus
2360 4035 2546 4099 omni

454 4146 765 4203 terrenae
807 4136 1164 4202 seruitutis
1204 4135 1369 4217 iugo
1403 4134 1716 4210 liberum,
1756 4134 1977 4199 tribus
2022 4134 2355 4216 exceptis,
2392 4143 2547 4199 rata

455 4237 778 4304 uidelicet
847 4236 1308 4320 expeditione,
1381 4234 1614 4317 pontis
1682 4233 1952 4299 arcisue
2021 4233 2543 4298 restauratione.

452 4338 529 4404 si
563 4338 720 4423 quis
749 4337 964 4423 igitur
993 4336 1171 4401 hanc
1197 4343 1504 4401 nostram
1533 4333 1971 4401 donationem
2002 4334 2072 4398 in
2116 4332 2302 4399 aliud
2335 4352 2543 4418 quam
