<?xml version="1.0" encoding="UTF-8"?>
<!DOCTYPE html PUBLIC "-//W3C//DTD XHTML 1.0 Transitional//EN"
    "http://www.w3.org/TR/xhtml1/DTD/xhtml1-transitional.dtd">
<html xmlns="http://www.w3.org/1999/xhtml" xml:lang="en" lang="en">
 <head>
  <title>
</title>
<meta http-equiv="Content-Type" content="text/html;charset=utf-8" />
  <meta name='ocr-system' content='tesseract 3.04.00' />
  <meta name='ocr-capabilities' content='ocr_page ocr_carea ocr_par ocr_line ocrx_word'/>
</head>
<body>
  <div class='ocr_page' id='page_1' title='image "./codexdiplomatic06kembgoog_0222.png"; bbox 0 0 3552 5764; ppageno 0'>
   <div class='ocr_carea' id='block_1_1' title="bbox 896 620 2474 687">
    <p class='ocr_par' dir='ltr' id='par_1_1' title="bbox 896 620 2474 687">
     <span class='ocr_line' id='line_1_1' title="bbox 896 620 2474 687; baseline 0.004 -9"><span class='ocrx_word' id='word_1_1' title='bbox 896 624 1237 681; x_wconf 62' lang='lat' dir='ltr'><strong>cunnus</strong></span> <span class='ocrx_word' id='word_1_2' title='bbox 1287 634 1525 683; x_wconf 65' lang='lat' dir='ltr'><strong>mem</strong></span> <span class='ocrx_word' id='word_1_3' title='bbox 1536 634 1974 686; x_wconf 57' lang='lat' dir='ltr'><strong>saxonica.</strong></span> <span class='ocrx_word' id='word_1_4' title='bbox 2347 620 2474 687; x_wconf 83' lang='lat'><strong>181</strong></span> 
     </span>
    </p>
   </div>
   <div class='ocr_carea' id='block_1_2' title="bbox 378 786 2478 4264">
    <p class='ocr_par' dir='ltr' id='par_1_2' title="bbox 378 786 2478 4264">
     <span class='ocr_line' id='line_1_2' title="bbox 389 786 2471 875; baseline 0.004 -25"><span class='ocrx_word' id='word_1_5' title='bbox 389 786 657 868; x_wconf 78' lang='lat' dir='ltr'><strong>patriae</strong></span> <span class='ocrx_word' id='word_1_6' title='bbox 706 806 1127 873; x_wconf 75' lang='lat' dir='ltr'><strong>magnopere</strong></span> <span class='ocrx_word' id='word_1_7' title='bbox 1170 792 1453 875; x_wconf 77' lang='lat' dir='ltr'><strong>adipisci</strong></span> <span class='ocrx_word' id='word_1_8' title='bbox 1509 795 1924 875; x_wconf 87' lang='lat' dir='ltr'><strong>properant!</strong></span> <span class='ocrx_word' id='word_1_9' title='bbox 2029 792 2290 859; x_wconf 88' lang='lat' dir='ltr'><strong>Iccirco</strong></span> <span class='ocrx_word' id='word_1_10' title='bbox 2340 813 2471 875; x_wconf 83' lang='lat' dir='ltr'><strong>ego</strong></span> 
     </span>
     <span class='ocr_line' id='line_1_3' title="bbox 394 884 2471 976; baseline 0.003 -27"><span class='ocrx_word' id='word_1_11' title='bbox 394 884 581 952; x_wconf 88' lang='lat' dir='ltr'><strong>Cnut</strong></span> <span class='ocrx_word' id='word_1_12' title='bbox 628 906 753 953; x_wconf 84' lang='lat' dir='ltr'><strong>rex</strong></span> <span class='ocrx_word' id='word_1_13' title='bbox 803 887 1188 973; x_wconf 74' lang='lat' dir='ltr'><strong>Anglorum</strong></span> <span class='ocrx_word' id='word_1_14' title='bbox 1242 899 1802 976; x_wconf 87' lang='lat' dir='ltr'><strong>caeterarumque</strong></span> <span class='ocrx_word' id='word_1_15' title='bbox 1863 894 2168 975; x_wconf 83' lang='lat' dir='ltr'><strong>gentium</strong></span> <span class='ocrx_word' id='word_1_16' title='bbox 2221 894 2291 957; x_wconf 89' lang='lat' dir='ltr'><strong>in</strong></span> <span class='ocrx_word' id='word_1_17' title='bbox 2343 894 2471 957; x_wconf 88' lang='lat' dir='ltr'><strong>cir·</strong></span> 
     </span>
     <span class='ocr_line' id='line_1_4' title="bbox 391 986 2470 1077; baseline 0.003 -27"><span class='ocrx_word' id='word_1_18' title='bbox 391 986 579 1050; x_wconf 88' lang='lat' dir='ltr'><strong>cuitu</strong></span> <span class='ocrx_word' id='word_1_19' title='bbox 608 989 1116 1071; x_wconf 77' lang='lat' dir='ltr'><strong>persistentium</strong></span> <span class='ocrx_word' id='word_1_20' title='bbox 1148 992 1566 1073; x_wconf 79' lang='lat' dir='ltr'><strong>gubernator</strong></span> <span class='ocrx_word' id='word_1_21' title='bbox 1592 999 1663 1057; x_wconf 87' lang='lat' dir='ltr'><strong>et</strong></span> <span class='ocrx_word' id='word_1_22' title='bbox 1694 1000 1943 1072; x_wconf 87' lang='lat' dir='ltr'><strong>rector,</strong></span> <span class='ocrx_word' id='word_1_23' title='bbox 1967 994 2306 1077; x_wconf 86' lang='lat' dir='ltr'><strong>quandam</strong></span> <span class='ocrx_word' id='word_1_24' title='bbox 2339 994 2470 1057; x_wconf 91' lang='lat' dir='ltr'><strong>mei</strong></span> 
     </span>
     <span class='ocr_line' id='line_1_5' title="bbox 393 1086 2468 1172; baseline 0.003 -23"><span class='ocrx_word' id='word_1_25' title='bbox 393 1086 655 1169; x_wconf 87' lang='lat' dir='ltr'><strong>proprii</strong></span> <span class='ocrx_word' id='word_1_26' title='bbox 714 1089 883 1153; x_wconf 88' lang='lat' dir='ltr'><strong>iuris</strong></span> <span class='ocrx_word' id='word_1_27' title='bbox 941 1090 1324 1172; x_wconf 84' lang='lat' dir='ltr'><strong>portionem</strong></span> <span class='ocrx_word' id='word_1_28' title='bbox 1390 1107 1534 1155; x_wconf 72' lang='lat' dir='ltr'><strong>‚vm</strong></span> <span class='ocrx_word' id='word_1_29' title='bbox 1599 1099 1824 1156; x_wconf 88' lang='lat' dir='ltr'><strong>terrae</strong></span> <span class='ocrx_word' id='word_1_30' title='bbox 1883 1112 2160 1157; x_wconf 88' lang='lat' dir='ltr'><strong>mansas</strong></span> <span class='ocrx_word' id='word_1_31' title='bbox 2216 1092 2336 1157; x_wconf 85' lang='lat' dir='ltr'><strong>illo</strong></span> <span class='ocrx_word' id='word_1_32' title='bbox 2399 1094 2468 1155; x_wconf 89' lang='lat' dir='ltr'><strong>in</strong></span> 
     </span>
     <span class='ocr_line' id='line_1_6' title="bbox 394 1184 2468 1274; baseline 0.003 -26"><span class='ocrx_word' id='word_1_33' title='bbox 394 1184 547 1249; x_wconf 92' lang='lat' dir='ltr'><strong>loco</strong></span> <span class='ocrx_word' id='word_1_34' title='bbox 588 1186 707 1252; x_wconf 89' lang='lat' dir='ltr'><strong>ubi</strong></span> <span class='ocrx_word' id='word_1_35' title='bbox 748 1188 1143 1254; x_wconf 86' lang='lat' dir='ltr'><strong>iamdudum</strong></span> <span class='ocrx_word' id='word_1_36' title='bbox 1176 1189 1500 1255; x_wconf 78' lang='lat' dir='ltr'><strong>solicolae</strong></span> <span class='ocrx_word' id='word_1_37' title='bbox 1532 1188 1719 1255; x_wconf 86' lang='lat' dir='ltr'><strong>illius</strong></span> <span class='ocrx_word' id='word_1_38' title='bbox 1744 1192 2044 1274; x_wconf 83' lang='lat' dir='ltr'><strong>regionis</strong></span> <span class='ocrx_word' id='word_1_39' title='bbox 2070 1212 2318 1257; x_wconf 88' lang='lat' dir='ltr'><strong>nomen</strong></span> <span class='ocrx_word' id='word_1_40' title='bbox 2343 1193 2468 1255; x_wconf 89' lang='lat' dir='ltr'><strong>im-</strong></span> 
     </span>
     <span class='ocr_line' id='line_1_7' title="bbox 392 1288 2471 1375; baseline 0.003 -26"><span class='ocrx_word' id='word_1_41' title='bbox 392 1295 771 1368; x_wconf 88' lang='lat' dir='ltr'><strong>posuerunt</strong></span> <span class='ocrx_word' id='word_1_42' title='bbox 834 1288 1136 1366; x_wconf 87' lang='lat' dir='ltr'><strong>Hortun,</strong></span> <span class='ocrx_word' id='word_1_43' title='bbox 1193 1309 1346 1355; x_wconf 90' lang='lat' dir='ltr'><strong>meo</strong></span> <span class='ocrx_word' id='word_1_44' title='bbox 1406 1289 1589 1355; x_wconf 88' lang='lat' dir='ltr'><strong>fideli</strong></span> <span class='ocrx_word' id='word_1_45' title='bbox 1660 1290 1995 1369; x_wconf 87' lang='lat' dir='ltr'><strong>ministro,</strong></span> <span class='ocrx_word' id='word_1_46' title='bbox 2055 1311 2260 1375; x_wconf 90' lang='lat' dir='ltr'><strong>quem</strong></span> <span class='ocrx_word' id='word_1_47' title='bbox 2323 1292 2471 1356; x_wconf 86' lang='lat' dir='ltr'><strong>noti</strong></span> 
     </span>
     <span class='ocr_line' id='line_1_8' title="bbox 395 1384 2468 1473; baseline 0.003 -24"><span class='ocrx_word' id='word_1_48' title='bbox 395 1392 607 1469; x_wconf 87' lang='lat' dir='ltr'><strong>atque</strong></span> <span class='ocrx_word' id='word_1_49' title='bbox 640 1384 875 1453; x_wconf 83' lang='lat' dir='ltr'><strong>affines</strong></span> <span class='ocrx_word' id='word_1_50' title='bbox 919 1387 1099 1453; x_wconf 89' lang='lat' dir='ltr'><strong>Boui</strong></span> <span class='ocrx_word' id='word_1_51' title='bbox 1133 1388 1483 1473; x_wconf 90' lang='lat' dir='ltr'><strong>appellare</strong></span> <span class='ocrx_word' id='word_1_52' title='bbox 1516 1387 1769 1467; x_wconf 87' lang='lat' dir='ltr'><strong>solent,</strong></span> <span class='ocrx_word' id='word_1_53' title='bbox 1799 1390 2128 1456; x_wconf 86' lang='lat' dir='ltr'><strong>confirmo</strong></span> <span class='ocrx_word' id='word_1_54' title='bbox 2159 1390 2468 1455; x_wconf 86' lang='lat' dir='ltr'><strong>haeredi-</strong></span> 
     </span>
     <span class='ocr_line' id='line_1_9' title="bbox 394 1487 2472 1573; baseline 0.002 -24"><span class='ocrx_word' id='word_1_55' title='bbox 394 1492 650 1561; x_wconf 87' lang='lat' dir='ltr'><strong>tatem;</strong></span> <span class='ocrx_word' id='word_1_56' title='bbox 699 1488 1023 1570; x_wconf 76' lang='lat' dir='ltr'><strong>quatinus</strong></span> <span class='ocrx_word' id='word_1_57' title='bbox 1048 1487 1167 1554; x_wconf 87' lang='lat' dir='ltr'><strong>ille</strong></span> <span class='ocrx_word' id='word_1_58' title='bbox 1204 1489 1381 1554; x_wconf 89' lang='lat' dir='ltr'><strong>bene</strong></span> <span class='ocrx_word' id='word_1_59' title='bbox 1422 1488 1818 1573; x_wconf 81' lang='lat' dir='ltr'><strong>perfruatur</strong></span> <span class='ocrx_word' id='word_1_60' title='bbox 1859 1508 1941 1555; x_wconf 91' lang='lat' dir='ltr'><strong>ac</strong></span> <span class='ocrx_word' id='word_1_61' title='bbox 1982 1490 2472 1573; x_wconf 82' lang='lat' dir='ltr'><strong>perpetualiter</strong></span> 
     </span>
     <span class='ocr_line' id='line_1_10' title="bbox 394 1585 2467 1671; baseline 0.003 -23"><span class='ocrx_word' id='word_1_62' title='bbox 394 1585 765 1667; x_wconf 84' lang='lat' dir='ltr'><strong>possideat,</strong></span> <span class='ocrx_word' id='word_1_63' title='bbox 820 1587 1147 1669; x_wconf 88' lang='lat' dir='ltr'><strong>quamdiu</strong></span> <span class='ocrx_word' id='word_1_64' title='bbox 1201 1588 1371 1653; x_wconf 87' lang='lat' dir='ltr'><strong>deus</strong></span> <span class='ocrx_word' id='word_1_65' title='bbox 1427 1608 1549 1671; x_wconf 87' lang='lat' dir='ltr'><strong>per</strong></span> <span class='ocrx_word' id='word_1_66' title='bbox 1590 1608 1786 1653; x_wconf 88' lang='lat' dir='ltr'><strong>suam</strong></span> <span class='ocrx_word' id='word_1_67' title='bbox 1832 1589 2208 1655; x_wconf 90' lang='lat' dir='ltr'><strong>mirabilem</strong></span> <span class='ocrx_word' id='word_1_68' title='bbox 2263 1590 2467 1655; x_wconf 87' lang='lat' dir='ltr'><strong>mise-</strong></span> 
     </span>
     <span class='ocr_line' id='line_1_11' title="bbox 394 1684 2468 1771; baseline 0.002 -22"><span class='ocrx_word' id='word_1_69' title='bbox 394 1684 757 1751; x_wconf 89' lang='lat' dir='ltr'><strong>ricordiam</strong></span> <span class='ocrx_word' id='word_1_70' title='bbox 824 1688 1043 1752; x_wconf 86' lang='lat' dir='ltr'><strong>uitam</strong></span> <span class='ocrx_word' id='word_1_71' title='bbox 1100 1688 1204 1753; x_wconf 89' lang='lat' dir='ltr'><strong>illi</strong></span> <span class='ocrx_word' id='word_1_72' title='bbox 1260 1697 1335 1754; x_wconf 87' lang='lat' dir='ltr'><strong>et</strong></span> <span class='ocrx_word' id='word_1_73' title='bbox 1390 1687 1674 1753; x_wconf 86' lang='lat' dir='ltr'><strong>uitalem</strong></span> <span class='ocrx_word' id='word_1_74' title='bbox 1727 1688 2044 1771; x_wconf 86' lang='lat' dir='ltr'><strong>spiritum</strong></span> <span class='ocrx_word' id='word_1_75' title='bbox 2101 1689 2468 1755; x_wconf 81' lang='lat' dir='ltr'><strong>concedere</strong></span> 
     </span>
     <span class='ocr_line' id='line_1_12' title="bbox 390 1784 2468 1872; baseline 0.002 -24"><span class='ocrx_word' id='word_1_76' title='bbox 390 1784 732 1860; x_wconf 87' lang='lat' dir='ltr'><strong>uoluerit;</strong></span> <span class='ocrx_word' id='word_1_77' title='bbox 792 1786 1037 1853; x_wconf 88' lang='lat' dir='ltr'><strong>deinde</strong></span> <span class='ocrx_word' id='word_1_78' title='bbox 1086 1806 1382 1870; x_wconf 88' lang='lat' dir='ltr'><strong>namque</strong></span> <span class='ocrx_word' id='word_1_79' title='bbox 1432 1788 1564 1851; x_wconf 90' lang='lat' dir='ltr'><strong>sibi</strong></span> <span class='ocrx_word' id='word_1_80' title='bbox 1614 1788 2004 1853; x_wconf 84' lang='lat' dir='ltr'><strong>succedenti</strong></span> <span class='ocrx_word' id='word_1_81' title='bbox 2064 1790 2468 1872; x_wconf 84' lang='lat' dir='ltr'><strong>cuicumque</strong></span> 
     </span>
     <span class='ocr_line' id='line_1_13' title="bbox 390 1882 2468 1971; baseline 0.003 -23"><span class='ocrx_word' id='word_1_82' title='bbox 390 1882 670 1949; x_wconf 87' lang='lat' dir='ltr'><strong>libuerit</strong></span> <span class='ocrx_word' id='word_1_83' title='bbox 714 1884 1087 1952; x_wconf 87' lang='lat' dir='ltr'><strong>cleronomi</strong></span> <span class='ocrx_word' id='word_1_84' title='bbox 1130 1888 1279 1952; x_wconf 89' lang='lat' dir='ltr'><strong>iure</strong></span> <span class='ocrx_word' id='word_1_85' title='bbox 1336 1886 1792 1951; x_wconf 87' lang='lat' dir='ltr'><strong>haereditario</strong></span> <span class='ocrx_word' id='word_1_86' title='bbox 1845 1885 2297 1971; x_wconf 87' lang='lat' dir='ltr'><strong>derelinquat,</strong></span> <span class='ocrx_word' id='word_1_87' title='bbox 2340 1908 2468 1954; x_wconf 88' lang='lat' dir='ltr'><strong>ceu</strong></span> 
     </span>
     <span class='ocr_line' id='line_1_14' title="bbox 392 1984 2468 2067; baseline 0.003 -20"><span class='ocrx_word' id='word_1_88' title='bbox 392 1984 931 2067; x_wconf 82' lang='lat' dir='ltr'><strong>supradiximus,</strong></span> <span class='ocrx_word' id='word_1_89' title='bbox 991 1987 1063 2051; x_wconf 89' lang='lat' dir='ltr'><strong>in</strong></span> <span class='ocrx_word' id='word_1_90' title='bbox 1126 1994 1472 2052; x_wconf 84' lang='lat' dir='ltr'><strong>aeternam</strong></span> <span class='ocrx_word' id='word_1_91' title='bbox 1534 1986 2046 2052; x_wconf 81' lang='lat' dir='ltr'><strong>haereditatem.</strong></span> <span class='ocrx_word' id='word_1_92' title='bbox 2179 1988 2468 2053; x_wconf 87' lang='lat' dir='ltr'><strong>Maneat</strong></span> 
     </span>
     <span class='ocr_line' id='line_1_15' title="bbox 392 2083 2474 2165; baseline 0.003 -19"><span class='ocrx_word' id='word_1_93' title='bbox 392 2083 609 2165; x_wconf 77' lang='lat' dir='ltr'><strong>igitur</strong></span> <span class='ocrx_word' id='word_1_94' title='bbox 638 2084 769 2149; x_wconf 88' lang='lat' dir='ltr'><strong>hoc</strong></span> <span class='ocrx_word' id='word_1_95' title='bbox 802 2094 1111 2151; x_wconf 89' lang='lat' dir='ltr'><strong>nostrum</strong></span> <span class='ocrx_word' id='word_1_96' title='bbox 1144 2086 1489 2151; x_wconf 88' lang='lat' dir='ltr'><strong>immobile</strong></span> <span class='ocrx_word' id='word_1_97' title='bbox 1532 2086 1786 2151; x_wconf 91' lang='lat' dir='ltr'><strong>donum</strong></span> <span class='ocrx_word' id='word_1_98' title='bbox 1827 2094 2111 2153; x_wconf 88' lang='lat' dir='ltr'><strong>aeterna</strong></span> <span class='ocrx_word' id='word_1_99' title='bbox 2151 2087 2474 2154; x_wconf 49' lang='lat' dir='ltr'><strong>libertate*</strong></span> 
     </span>
     <span class='ocr_line' id='line_1_16' title="bbox 391 2183 2470 2269; baseline 0.002 -22"><span class='ocrx_word' id='word_1_100' title='bbox 391 2183 783 2262; x_wconf 86' lang='lat' dir='ltr'><strong>iocundum,</strong></span> <span class='ocrx_word' id='word_1_101' title='bbox 816 2205 974 2251; x_wconf 90' lang='lat' dir='ltr'><strong>cum</strong></span> <span class='ocrx_word' id='word_1_102' title='bbox 1022 2186 1358 2252; x_wconf 88' lang='lat' dir='ltr'><strong>uniuersis</strong></span> <span class='ocrx_word' id='word_1_103' title='bbox 1408 2204 1589 2269; x_wconf 82' lang='lat' dir='ltr'><strong>quae</strong></span> <span class='ocrx_word' id='word_1_104' title='bbox 1621 2187 1752 2250; x_wconf 90' lang='lat' dir='ltr'><strong>rite</strong></span> <span class='ocrx_word' id='word_1_105' title='bbox 1786 2186 1874 2251; x_wconf 93' lang='lat' dir='ltr'><strong>ad</strong></span> <span class='ocrx_word' id='word_1_106' title='bbox 1915 2187 2208 2253; x_wconf 87' lang='lat' dir='ltr'><strong>eundem</strong></span> <span class='ocrx_word' id='word_1_107' title='bbox 2242 2187 2470 2252; x_wconf 89' lang='lat' dir='ltr'><strong>locum</strong></span> 
     </span>
     <span class='ocr_line' id='line_1_17' title="bbox 390 2282 2468 2368; baseline 0.002 -22"><span class='ocrx_word' id='word_1_108' title='bbox 390 2282 734 2366; x_wconf 88' lang='lat' dir='ltr'><strong>pertinere</strong></span> <span class='ocrx_word' id='word_1_109' title='bbox 765 2285 1239 2365; x_wconf 87' lang='lat' dir='ltr'><strong>dinoscuntur,</strong></span> <span class='ocrx_word' id='word_1_110' title='bbox 1270 2294 1413 2351; x_wconf 85' lang='lat' dir='ltr'><strong>tam</strong></span> <span class='ocrx_word' id='word_1_111' title='bbox 1445 2287 1519 2349; x_wconf 89' lang='lat' dir='ltr'><strong>in</strong></span> <span class='ocrx_word' id='word_1_112' title='bbox 1548 2286 1816 2368; x_wconf 83' lang='lat' dir='ltr'><strong>magnis</strong></span> <span class='ocrx_word' id='word_1_113' title='bbox 1845 2304 2051 2368; x_wconf 85' lang='lat' dir='ltr'><strong>quam</strong></span> <span class='ocrx_word' id='word_1_114' title='bbox 2081 2288 2154 2350; x_wconf 89' lang='lat' dir='ltr'><strong>in</strong></span> <span class='ocrx_word' id='word_1_115' title='bbox 2186 2288 2468 2353; x_wconf 88' lang='lat' dir='ltr'><strong>modicis</strong></span> 
     </span>
     <span class='ocr_line' id='line_1_18' title="bbox 388 2382 2466 2471; baseline 0.002 -25"><span class='ocrx_word' id='word_1_116' title='bbox 388 2382 619 2461; x_wconf 90' lang='lat' dir='ltr'><strong>rebus,</strong></span> <span class='ocrx_word' id='word_1_117' title='bbox 651 2384 725 2448; x_wconf 86' lang='lat' dir='ltr'><strong>in</strong></span> <span class='ocrx_word' id='word_1_118' title='bbox 766 2386 1053 2469; x_wconf 88' lang='lat' dir='ltr'><strong>campis,</strong></span> <span class='ocrx_word' id='word_1_119' title='bbox 1084 2386 1385 2471; x_wconf 86' lang='lat' dir='ltr'><strong>pascuis,</strong></span> <span class='ocrx_word' id='word_1_120' title='bbox 1431 2386 1674 2470; x_wconf 76' lang='lat' dir='ltr'><strong>pratiS,</strong></span> <span class='ocrx_word' id='word_1_121' title='bbox 1709 2384 1930 2464; x_wconf 86' lang='lat' dir='ltr'><strong>siluis,</strong></span> <span class='ocrx_word' id='word_1_122' title='bbox 1955 2385 2224 2463; x_wconf 80' lang='lat' dir='ltr'><strong>riualis,</strong></span> <span class='ocrx_word' id='word_1_123' title='bbox 2252 2405 2466 2469; x_wconf 89' lang='lat' dir='ltr'><strong>aqua-</strong></span> 
     </span>
     <span class='ocr_line' id='line_1_19' title="bbox 390 2484 2466 2569; baseline 0.002 -23"><span class='ocrx_word' id='word_1_124' title='bbox 390 2501 681 2567; x_wconf 86' lang='lat' dir='ltr'><strong>rumque</strong></span> <span class='ocrx_word' id='word_1_125' title='bbox 712 2484 1051 2563; x_wconf 83' lang='lat' dir='ltr'><strong>cursibus,</strong></span> <span class='ocrx_word' id='word_1_126' title='bbox 1080 2492 1373 2569; x_wconf 83' lang='lat' dir='ltr'><strong>excepto</strong></span> <span class='ocrx_word' id='word_1_127' title='bbox 1406 2484 1588 2569; x_wconf 90' lang='lat' dir='ltr'><strong>quod</strong></span> <span class='ocrx_word' id='word_1_128' title='bbox 1619 2486 1960 2550; x_wconf 85' lang='lat' dir='ltr'><strong>communi</strong></span> <span class='ocrx_word' id='word_1_129' title='bbox 1993 2484 2248 2563; x_wconf 83' lang='lat' dir='ltr'><strong>labore,</strong></span> <span class='ocrx_word' id='word_1_130' title='bbox 2283 2484 2466 2569; x_wconf 86' lang='lat' dir='ltr'><strong>quod</strong></span> 
     </span>
     <span class='ocr_line' id='line_1_20' title="bbox 391 2583 2470 2671; baseline 0.001 -24"><span class='ocrx_word' id='word_1_131' title='bbox 391 2583 709 2647; x_wconf 84' lang='lat' dir='ltr'><strong>omnibus</strong></span> <span class='ocrx_word' id='word_1_132' title='bbox 763 2583 1021 2668; x_wconf 86' lang='lat' dir='ltr'><strong>liquide</strong></span> <span class='ocrx_word' id='word_1_133' title='bbox 1078 2592 1295 2669; x_wconf 84' lang='lat' dir='ltr'><strong>patet,</strong></span> <span class='ocrx_word' id='word_1_134' title='bbox 1355 2584 1674 2651; x_wconf 87' lang='lat' dir='ltr'><strong>uidelicet</strong></span> <span class='ocrx_word' id='word_1_135' title='bbox 1723 2584 2186 2669; x_wconf 85' lang='lat' dir='ltr'><strong>expeditione,</strong></span> <span class='ocrx_word' id='word_1_136' title='bbox 2237 2585 2470 2671; x_wconf 85' lang='lat' dir='ltr'><strong>pontis</strong></span> 
     </span>
     <span class='ocr_line' id='line_1_21' title="bbox 388 2684 2469 2768; baseline 0.001 -21"><span class='ocrx_word' id='word_1_137' title='bbox 388 2684 923 2763; x_wconf 86' lang='lat' dir='ltr'><strong>constructione,</strong></span> <span class='ocrx_word' id='word_1_138' title='bbox 962 2685 1229 2751; x_wconf 88' lang='lat' dir='ltr'><strong>arcisue</strong></span> <span class='ocrx_word' id='word_1_139' title='bbox 1264 2684 1665 2750; x_wconf 87' lang='lat' dir='ltr'><strong>munitione.</strong></span> <span class='ocrx_word' id='word_1_140' title='bbox 1764 2685 1842 2750; x_wconf 91' lang='lat' dir='ltr'><strong>Si</strong></span> <span class='ocrx_word' id='word_1_141' title='bbox 1887 2694 2120 2751; x_wconf 88' lang='lat' dir='ltr'><strong>autem</strong></span> <span class='ocrx_word' id='word_1_142' title='bbox 2162 2692 2469 2768; x_wconf 88' lang='lat' dir='ltr'><strong>tempore</strong></span> 
     </span>
     <span class='ocr_line' id='line_1_22' title="bbox 386 2782 2478 2867; baseline 0.002 -21"><span class='ocrx_word' id='word_1_143' title='bbox 386 2782 757 2865; x_wconf 81' lang='lat' dir='ltr'><strong>contigerit</strong></span> <span class='ocrx_word' id='word_1_144' title='bbox 807 2784 1039 2867; x_wconf 83' lang='lat' dir='ltr'><strong>aliquo</strong></span> <span class='ocrx_word' id='word_1_145' title='bbox 1092 2784 1479 2867; x_wconf 89' lang='lat' dir='ltr'><strong>quempiam</strong></span> <span class='ocrx_word' id='word_1_146' title='bbox 1537 2783 1886 2849; x_wconf 85' lang='lat' dir='ltr'><strong>hominum</strong></span> <span class='ocrx_word' id='word_1_147' title='bbox 1939 2783 2236 2866; x_wconf 89' lang='lat' dir='ltr'><strong>aliquem</strong></span> <span class='ocrx_word' id='word_1_148' title='bbox 2287 2785 2478 2850; x_wconf 78' lang='lat' dir='ltr'><strong>anti-</strong></span> 
     </span>
     <span class='ocr_line' id='line_1_23' title="bbox 386 2881 2476 2968; baseline 0 -20"><span class='ocrx_word' id='word_1_149' title='bbox 386 2885 695 2968; x_wconf 83' lang='lat' dir='ltr'><strong>quierem</strong></span> <span class='ocrx_word' id='word_1_150' title='bbox 760 2884 1008 2950; x_wconf 87' lang='lat' dir='ltr'><strong>librum</strong></span> <span class='ocrx_word' id='word_1_151' title='bbox 1068 2893 1309 2951; x_wconf 87' lang='lat' dir='ltr'><strong>contra</strong></span> <span class='ocrx_word' id='word_1_152' title='bbox 1364 2884 1567 2950; x_wconf 88' lang='lat' dir='ltr'><strong>istius</strong></span> <span class='ocrx_word' id='word_1_153' title='bbox 1627 2884 1787 2949; x_wconf 89' lang='lat' dir='ltr'><strong>libri</strong></span> <span class='ocrx_word' id='word_1_154' title='bbox 1845 2881 2235 2948; x_wconf 89' lang='lat' dir='ltr'><strong>libertatem</strong></span> <span class='ocrx_word' id='word_1_155' title='bbox 2303 2903 2476 2966; x_wconf 90' lang='lat' dir='ltr'><strong>pro-·</strong></span> 
     </span>
     <span class='ocr_line' id='line_1_24' title="bbox 386 2981 2478 3068; baseline -0.001 -20"><span class='ocrx_word' id='word_1_156' title='bbox 386 2982 660 3060; x_wconf 87' lang='lat' dir='ltr'><strong>ducere,</strong></span> <span class='ocrx_word' id='word_1_157' title='bbox 700 3003 829 3068; x_wconf 90' lang='lat' dir='ltr'><strong>pro</strong></span> <span class='ocrx_word' id='word_1_158' title='bbox 868 2984 1121 3050; x_wconf 89' lang='lat' dir='ltr'><strong>nichilo</strong></span> <span class='ocrx_word' id='word_1_159' title='bbox 1159 2990 1615 3068; x_wconf 85' lang='lat' dir='ltr'><strong>computetur.</strong></span> <span class='ocrx_word' id='word_1_160' title='bbox 1718 2982 1793 3047; x_wconf 91' lang='lat' dir='ltr'><strong>Si</strong></span> <span class='ocrx_word' id='word_1_161' title='bbox 1835 2981 1994 3064; x_wconf 90' lang='lat' dir='ltr'><strong>quis</strong></span> <span class='ocrx_word' id='word_1_162' title='bbox 2031 2988 2266 3046; x_wconf 89' lang='lat' dir='ltr'><strong>autem</strong></span> <span class='ocrx_word' id='word_1_163' title='bbox 2303 2983 2478 3046; x_wconf 87' lang='lat' dir='ltr'><strong>tetri-</strong></span> 
     </span>
     <span class='ocr_line' id='line_1_25' title="bbox 388 3081 2468 3163; baseline -0.001 -15"><span class='ocrx_word' id='word_1_164' title='bbox 388 3082 741 3149; x_wconf 87' lang='lat' dir='ltr'><strong>daemonis</strong></span> <span class='ocrx_word' id='word_1_165' title='bbox 782 3085 1115 3150; x_wconf 88' lang='lat' dir='ltr'><strong>instinctu</strong></span> <span class='ocrx_word' id='word_1_166' title='bbox 1166 3085 1297 3150; x_wconf 91' lang='lat' dir='ltr'><strong>hoc</strong></span> <span class='ocrx_word' id='word_1_167' title='bbox 1347 3090 1659 3148; x_wconf 89' lang='lat' dir='ltr'><strong>nostrum</strong></span> <span class='ocrx_word' id='word_1_168' title='bbox 1702 3082 2050 3146; x_wconf 86' lang='lat' dir='ltr'><strong>decretum</strong></span> <span class='ocrx_word' id='word_1_169' title='bbox 2095 3081 2468 3163; x_wconf 83' lang='lat' dir='ltr'><strong>infringere</strong></span> 
     </span>
     <span class='ocr_line' id='line_1_26' title="bbox 384 3179 2466 3268; baseline -0 -21"><span class='ocrx_word' id='word_1_170' title='bbox 384 3182 705 3259; x_wconf 86' lang='lat' dir='ltr'><strong>uoluerit,</strong></span> <span class='ocrx_word' id='word_1_171' title='bbox 762 3185 859 3248; x_wconf 89' lang='lat' dir='ltr'><strong>sit</strong></span> <span class='ocrx_word' id='word_1_172' title='bbox 904 3185 1053 3268; x_wconf 88' lang='lat' dir='ltr'><strong>ipse</strong></span> <span class='ocrx_word' id='word_1_173' title='bbox 1114 3203 1159 3248; x_wconf 92' lang='lat' dir='ltr'><strong>a</strong></span> <span class='ocrx_word' id='word_1_174' title='bbox 1202 3190 1485 3248; x_wconf 89' lang='lat' dir='ltr'><strong>sanctae</strong></span> <span class='ocrx_word' id='word_1_175' title='bbox 1536 3181 1645 3246; x_wconf 88' lang='lat' dir='ltr'><strong>dei</strong></span> <span class='ocrx_word' id='word_1_176' title='bbox 1694 3179 2066 3246; x_wconf 86' lang='lat' dir='ltr'><strong>aecclesiae</strong></span> <span class='ocrx_word' id='word_1_177' title='bbox 2119 3182 2466 3246; x_wconf 89' lang='lat' dir='ltr'><strong>consortio</strong></span> 
     </span>
     <span class='ocr_line' id='line_1_27' title="bbox 381 3278 2460 3366; baseline -0.002 -18"><span class='ocrx_word' id='word_1_178' title='bbox 381 3291 767 3366; x_wconf 86' lang='lat' dir='ltr'><strong>separatus,</strong></span> <span class='ocrx_word' id='word_1_179' title='bbox 820 3291 891 3349; x_wconf 89' lang='lat' dir='ltr'><strong>et</strong></span> <span class='ocrx_word' id='word_1_180' title='bbox 945 3279 1391 3348; x_wconf 79' lang='lat' dir='ltr'><strong>infernalibus</strong></span> <span class='ocrx_word' id='word_1_181' title='bbox 1450 3281 1892 3346; x_wconf 85' lang='lat' dir='ltr'><strong>aeternaliter</strong></span> <span class='ocrx_word' id='word_1_182' title='bbox 1945 3278 2238 3345; x_wconf 87' lang='lat' dir='ltr'><strong>flammis</strong></span> <span class='ocrx_word' id='word_1_183' title='bbox 2303 3299 2460 3344; x_wconf 90' lang='lat' dir='ltr'><strong>cum</strong></span> 
     </span>
     <span class='ocr_line' id='line_1_28' title="bbox 388 3380 2467 3466; baseline -0.001 -19"><span class='ocrx_word' id='word_1_184' title='bbox 388 3382 569 3447; x_wconf 90' lang='lat' dir='ltr'><strong>Iuda</strong></span> <span class='ocrx_word' id='word_1_185' title='bbox 602 3381 860 3449; x_wconf 87' lang='lat' dir='ltr'><strong>Christi</strong></span> <span class='ocrx_word' id='word_1_186' title='bbox 892 3383 1237 3466; x_wconf 88' lang='lat' dir='ltr'><strong>proditore</strong></span> <span class='ocrx_word' id='word_1_187' title='bbox 1266 3380 1693 3459; x_wconf 86' lang='lat' dir='ltr'><strong>cruciandus,</strong></span> <span class='ocrx_word' id='word_1_188' title='bbox 1726 3381 1859 3445; x_wconf 90' lang='lat' dir='ltr'><strong>nisi</strong></span> <span class='ocrx_word' id='word_1_189' title='bbox 1887 3380 2000 3444; x_wconf 88' lang='lat' dir='ltr'><strong>hic</strong></span> <span class='ocrx_word' id='word_1_190' title='bbox 2033 3381 2224 3463; x_wconf 86' lang='lat' dir='ltr'><strong>prius</strong></span> <span class='ocrx_word' id='word_1_191' title='bbox 2258 3380 2467 3462; x_wconf 75' lang='lat' dir='ltr'><strong>dig-na</strong></span> 
     </span>
     <span class='ocr_line' id='line_1_29' title="bbox 388 3478 2470 3566; baseline -0.001 -20"><span class='ocrx_word' id='word_1_192' title='bbox 388 3481 857 3548; x_wconf 81' lang='lat' dir='ltr'><strong>satisfactione</strong></span> <span class='ocrx_word' id='word_1_193' title='bbox 888 3482 1305 3566; x_wconf 89' lang='lat' dir='ltr'><strong>poenituerit</strong></span> <span class='ocrx_word' id='word_1_194' title='bbox 1338 3481 1523 3565; x_wconf 85' lang='lat' dir='ltr'><strong>quod</strong></span> <span class='ocrx_word' id='word_1_195' title='bbox 1556 3488 1802 3546; x_wconf 88' lang='lat' dir='ltr'><strong>contra</strong></span> <span class='ocrx_word' id='word_1_196' title='bbox 1840 3487 2150 3546; x_wconf 88' lang='lat' dir='ltr'><strong>nostrum</strong></span> <span class='ocrx_word' id='word_1_197' title='bbox 2179 3478 2470 3562; x_wconf 89' lang='lat' dir='ltr'><strong>deliquit</strong></span> 
     </span>
     <span class='ocr_line' id='line_1_30' title="bbox 388 3579 2466 3666; baseline -0.001 -20"><span class='ocrx_word' id='word_1_198' title='bbox 388 3582 758 3648; x_wconf 84' lang='lat' dir='ltr'><strong>decretum.</strong></span> <span class='ocrx_word' id='word_1_199' title='bbox 835 3581 1019 3648; x_wconf 81' lang='lat' dir='ltr'><strong>Acta</strong></span> <span class='ocrx_word' id='word_1_200' title='bbox 1052 3602 1217 3647; x_wconf 90' lang='lat' dir='ltr'><strong>uero</strong></span> <span class='ocrx_word' id='word_1_201' title='bbox 1250 3589 1359 3647; x_wconf 90' lang='lat' dir='ltr'><strong>est</strong></span> <span class='ocrx_word' id='word_1_202' title='bbox 1390 3601 1714 3666; x_wconf 86' lang='lat' dir='ltr'><strong>praesens</strong></span> <span class='ocrx_word' id='word_1_203' title='bbox 1754 3581 2153 3664; x_wconf 84' lang='lat' dir='ltr'><strong>pargameni</strong></span> <span class='ocrx_word' id='word_1_204' title='bbox 2181 3579 2466 3646; x_wconf 86' lang='lat' dir='ltr'><strong>scedula</strong></span> 
     </span>
     <span class='ocr_line' id='line_1_31' title="bbox 388 3675 2462 3748; baseline -0.002 -1"><span class='ocrx_word' id='word_1_205' title='bbox 388 3675 569 3747; x_wconf 80' lang='lat' dir='ltr'><strong>anno</strong></span> <span class='ocrx_word' id='word_1_206' title='bbox 592 3681 975 3746; x_wconf 88' lang='lat' dir='ltr'><strong>dominicae</strong></span> <span class='ocrx_word' id='word_1_207' title='bbox 1004 3682 1493 3748; x_wconf 86' lang='lat' dir='ltr'><strong>incarnationis</strong></span> <span class='ocrx_word' id='word_1_208' title='bbox 1524 3681 1884 3746; x_wconf 89' lang='lat' dir='ltr'><strong>millesimo</strong></span> <span class='ocrx_word' id='word_1_209' title='bbox 1909 3696 2214 3746; x_wconf 60' lang='lat' dir='ltr'><strong>xxxm.</strong></span> <span class='ocrx_word' id='word_1_210' title='bbox 2247 3679 2462 3743; x_wconf 90' lang='lat' dir='ltr'><strong>indic-</strong></span> 
     </span>
     <span class='ocr_line' id='line_1_32' title="bbox 387 3778 2468 3864; baseline -0.002 -18"><span class='ocrx_word' id='word_1_211' title='bbox 387 3783 573 3846; x_wconf 86' lang='lat' dir='ltr'><strong>tione</strong></span> <span class='ocrx_word' id='word_1_212' title='bbox 604 3800 773 3847; x_wconf 88' lang='lat' dir='ltr'><strong>uero</strong></span> <span class='ocrx_word' id='word_1_213' title='bbox 802 3781 1045 3864; x_wconf 88' lang='lat' dir='ltr'><strong>prima.</strong></span> <span class='ocrx_word' id='word_1_214' title='bbox 1149 3780 1317 3847; x_wconf 89' lang='lat' dir='ltr'><strong>Istis</strong></span> <span class='ocrx_word' id='word_1_215' title='bbox 1352 3780 1656 3846; x_wconf 86' lang='lat' dir='ltr'><strong>terminis</strong></span> <span class='ocrx_word' id='word_1_216' title='bbox 1690 3780 2088 3862; x_wconf 87' lang='lat' dir='ltr'><strong>supradicta</strong></span> <span class='ocrx_word' id='word_1_217' title='bbox 2119 3787 2306 3845; x_wconf 88' lang='lat' dir='ltr'><strong>terra</strong></span> <span class='ocrx_word' id='word_1_218' title='bbox 2337 3778 2468 3842; x_wconf 86' lang='lat' dir='ltr'><strong>cir-</strong></span> 
     </span>
     <span class='ocr_line' id='line_1_33' title="bbox 386 3869 2470 3965; baseline -0.002 -19"><span class='ocrx_word' id='word_1_219' title='bbox 386 3881 769 3965; x_wconf 76' lang='lat' dir='ltr'><strong>cumgirata</strong></span> <span class='ocrx_word' id='word_1_220' title='bbox 801 3887 933 3946; x_wconf 87' lang='lat' dir='ltr'><strong>est.</strong></span> <span class='ocrx_word' id='word_1_221' title='bbox 1022 3879 1260 3945; x_wconf 85' lang='lat' dir='ltr'><strong>AErest</strong></span> <span class='ocrx_word' id='word_1_222' title='bbox 1292 3879 1580 3945; x_wconf 87' lang='lat' dir='ltr'><strong>cealdan</strong></span> <span class='ocrx_word' id='word_1_223' title='bbox 1620 3869 1790 3944; x_wconf 76' lang='lat' dir='ltr'><strong>br‘dc</strong></span> <span class='ocrx_word' id='word_1_224' title='bbox 1823 3889 1978 3964; x_wconf 81' lang='lat' dir='ltr'><strong>scyt</strong></span> <span class='ocrx_word' id='word_1_225' title='bbox 2017 3899 2107 3944; x_wconf 92' lang='lat' dir='ltr'><strong>on</strong></span> <span class='ocrx_word' id='word_1_226' title='bbox 2140 3877 2470 3945; x_wconf 85' lang='lat' dir='ltr'><strong>Winbur-</strong></span> 
     </span>
     <span class='ocr_line' id='line_1_34' title="bbox 386 3969 2465 4063; baseline -0.002 -17"><span class='ocrx_word' id='word_1_227' title='bbox 386 4001 561 4060; x_wconf 82' lang='lat' dir='ltr'><strong>nan3</strong></span> <span class='ocrx_word' id='word_1_228' title='bbox 624 3980 709 4046; x_wconf 80' lang='lat' dir='ltr'><strong>of</strong></span> <span class='ocrx_word' id='word_1_229' title='bbox 748 3979 1182 4046; x_wconf 79' lang='lat' dir='ltr'><strong>winburnan</strong></span> <span class='ocrx_word' id='word_1_230' title='bbox 1219 3999 1309 4045; x_wconf 89' lang='lat' dir='ltr'><strong>on</strong></span> <span class='ocrx_word' id='word_1_231' title='bbox 1356 3969 1838 4063; x_wconf 69' lang='lat' dir='ltr'><strong>Mapoldorle‘a</strong></span> <span class='ocrx_word' id='word_1_232' title='bbox 1890 3976 2465 4057; x_wconf 80' lang='lat' dir='ltr'><strong>middeweardn03</strong></span> 
     </span>
     <span class='ocr_line' id='line_1_35' title="bbox 384 4066 2468 4164; baseline -0.001 -18"><span class='ocrx_word' id='word_1_233' title='bbox 384 4081 464 4146; x_wconf 80' lang='lat' dir='ltr'><strong>of</strong></span> <span class='ocrx_word' id='word_1_234' title='bbox 504 4068 988 4164; x_wconf 72' lang='lat' dir='ltr'><strong>Mapoldorle‘a</strong></span> <span class='ocrx_word' id='word_1_235' title='bbox 1028 4081 1241 4145; x_wconf 87' lang='lat' dir='ltr'><strong>innan</strong></span> <span class='ocrx_word' id='word_1_236' title='bbox 1281 4066 1583 4152; x_wconf 65' lang='lat' dir='ltr'><strong>efistle53</strong></span> <span class='ocrx_word' id='word_1_237' title='bbox 1640 4070 1725 4142; x_wconf 79' lang='lat' dir='ltr'><strong>fit</strong></span> <span class='ocrx_word' id='word_1_238' title='bbox 1768 4077 1852 4142; x_wconf 82' lang='lat' dir='ltr'><strong>of</strong></span> <span class='ocrx_word' id='word_1_239' title='bbox 1890 4066 2157 4144; x_wconf 69' lang='lat' dir='ltr'><strong>e‘astle‘a</strong></span> <span class='ocrx_word' id='word_1_240' title='bbox 2199 4097 2291 4142; x_wconf 92' lang='lat' dir='ltr'><strong>on</strong></span> <span class='ocrx_word' id='word_1_241' title='bbox 2333 4075 2468 4143; x_wconf 62' lang='lat' dir='ltr'><strong>Saet</strong></span> 
     </span>
     <span class='ocr_line' id='line_1_36' title="bbox 378 4167 2468 4264; baseline -0.001 -19"><span class='ocrx_word' id='word_1_242' title='bbox 378 4181 621 4264; x_wconf 73' lang='lat' dir='ltr'><strong>slaeget</strong></span> <span class='ocrx_word' id='word_1_243' title='bbox 640 4205 660 4256; x_wconf 88' lang='lat'>;</span> <span class='ocrx_word' id='word_1_244' title='bbox 678 4179 701 4214; x_wconf 83' lang='lat'>¹</span> <span class='ocrx_word' id='word_1_245' title='bbox 745 4179 825 4245; x_wconf 80' lang='lat' dir='ltr'><strong>of</strong></span> <span class='ocrx_word' id='word_1_246' title='bbox 844 4167 1009 4248; x_wconf 55' lang='lat' dir='ltr'><strong>vam</strong></span> <span class='ocrx_word' id='word_1_247' title='bbox 1041 4176 1354 4263; x_wconf 74' lang='lat' dir='ltr'><strong>slaegete²</strong></span> <span class='ocrx_word' id='word_1_248' title='bbox 1381 4198 1472 4244; x_wconf 93' lang='lat' dir='ltr'><strong>on</strong></span> <span class='ocrx_word' id='word_1_249' title='bbox 1500 4168 1852 4243; x_wconf 55' lang='lat' dir='ltr'><strong>sfivbeara</strong></span> <span class='ocrx_word' id='word_1_250' title='bbox 1883 4169 2382 4244; x_wconf 64' lang='lat' dir='ltr'><strong>sii’seweardne</strong></span> <span class='ocrx_word' id='word_1_251' title='bbox 2406 4176 2468 4253; x_wconf 77' lang='lat'><strong>3³</strong></span> 
     </span>
    </p>
   </div>
   <div class='ocr_carea' id='block_1_3' title="bbox 376 4329 2472 4466">
    <p class='ocr_par' dir='ltr' id='par_1_3' title="bbox 376 4329 2472 4466">
     <span class='ocr_line' id='line_1_37' title="bbox 448 4329 2472 4396; baseline -0.002 -12"><span class='ocrx_word' id='word_1_252' title='bbox 448 4335 463 4367; x_wconf 85' lang='lat'><strong>¹</strong></span> <span class='ocrx_word' id='word_1_253' title='bbox 496 4335 563 4384; x_wconf 86' lang='lat' dir='ltr'><strong>In</strong></span> <span class='ocrx_word' id='word_1_254' title='bbox 594 4347 662 4384; x_wconf 78' lang='lat' dir='ltr'><strong>aa</strong></span> <span class='ocrx_word' id='word_1_255' title='bbox 692 4333 924 4396; x_wconf 68' lang='lat' dir='ltr'><strong>cquaeval</strong></span> <span class='ocrx_word' id='word_1_256' title='bbox 959 4331 1113 4394; x_wconf 79' lang='lat' dir='ltr'><strong>hand,</strong></span> <span class='ocrx_word' id='word_1_257' title='bbox 1144 4330 1287 4382; x_wconf 78' lang='lat' dir='ltr'><strong>these</strong></span> <span class='ocrx_word' id='word_1_258' title='bbox 1308 4331 1477 4382; x_wconf 79' lang='lat' dir='ltr'><strong>words</strong></span> <span class='ocrx_word' id='word_1_259' title='bbox 1512 4347 1597 4382; x_wconf 85' lang='lat' dir='ltr'><strong>are</strong></span> <span class='ocrx_word' id='word_1_260' title='bbox 1629 4331 1829 4380; x_wconf 75' lang='lat' dir='ltr'><strong>written</strong></span> <span class='ocrx_word' id='word_1_261' title='bbox 1856 4343 1974 4381; x_wconf 82' lang='lat' dir='ltr'><strong>over</strong></span> <span class='ocrx_word' id='word_1_262' title='bbox 2003 4329 2088 4380; x_wconf 81' lang='lat' dir='ltr'><strong>the</strong></span> <span class='ocrx_word' id='word_1_263' title='bbox 2118 4331 2242 4394; x_wconf 82' lang='lat' dir='ltr'><strong>line,</strong></span> <span class='ocrx_word' id='word_1_264' title='bbox 2267 4330 2472 4394; x_wconf 72' lang='lat' dir='ltr'><strong>linlaege</strong></span> 
     </span>
     <span class='ocr_line' id='line_1_38' title="bbox 376 4397 2470 4466; baseline -0.003 -10"><span class='ocrx_word' id='word_1_265' title='bbox 376 4418 497 4456; x_wconf 80' lang='lat' dir='ltr'><strong>mor.</strong></span> <span class='ocrx_word' id='word_1_266' title='bbox 687 4399 711 4434; x_wconf 83' lang='lat'>²</span> <span class='ocrx_word' id='word_1_267' title='bbox 740 4403 881 4454; x_wconf 77' lang='lat' dir='ltr'><strong>Oret</strong></span> <span class='ocrx_word' id='word_1_268' title='bbox 898 4402 984 4454; x_wconf 80' lang='lat' dir='ltr'><strong>the</strong></span> <span class='ocrx_word' id='word_1_269' title='bbox 1004 4403 1127 4466; x_wconf 81' lang='lat' dir='ltr'><strong>line,</strong></span> <span class='ocrx_word' id='word_1_270' title='bbox 1146 4404 1199 4452; x_wconf 87' lang='lat' dir='ltr'><strong>iu</strong></span> <span class='ocrx_word' id='word_1_271' title='bbox 1220 4402 1456 4454; x_wconf 75' lang='lat' dir='ltr'><strong>achirste.</strong></span> <span class='ocrx_word' id='word_1_272' title='bbox 1630 4399 1651 4431; x_wconf 81' lang='lat'>⁸</span> <span class='ocrx_word' id='word_1_273' title='bbox 1682 4401 1822 4452; x_wconf 80' lang='lat' dir='ltr'><strong>Over</strong></span> <span class='ocrx_word' id='word_1_274' title='bbox 1839 4401 1926 4452; x_wconf 85' lang='lat' dir='ltr'><strong>tbe</strong></span> <span class='ocrx_word' id='word_1_275' title='bbox 1947 4401 2068 4462; x_wconf 83' lang='lat' dir='ltr'><strong>line,</strong></span> <span class='ocrx_word' id='word_1_276' title='bbox 2089 4402 2142 4451; x_wconf 87' lang='lat' dir='ltr'><strong>in</strong></span> <span class='ocrx_word' id='word_1_277' title='bbox 2161 4397 2234 4452; x_wconf 63' lang='lat' dir='ltr'><strong>Sa</strong></span> <span class='ocrx_word' id='word_1_278' title='bbox 2253 4398 2470 4463; x_wconf 59' lang='lat' dir='ltr'><strong>vissgu.</strong></span> 
     </span>
    </p>
   </div>
   <div class='ocr_carea' id='block_1_4' title="bbox 3525 28 3531 631">
    <p class='ocr_par' dir='ltr' id='par_1_4' title="bbox 3525 28 3531 631">
     <span class='ocr_line' id='line_1_39' title="bbox 3525 28 3531 631; baseline 0 0"><span class='ocrx_word' id='word_1_279' title='bbox 3525 28 3531 631; x_wconf 95' lang='lat' dir='ltr'><strong> </strong></span> 
     </span>
    </p>
   </div>
  </div>
 </body>
</html>
