3552 5764
867 547 996 617 114
1373 563 1732 612 ana‘rAs
1767 561 2453 613 Auctosaxomcm.

867 723 1075 788 huius
1107 720 1302 790 exilii
1331 728 1544 806 atque
1571 720 1930 786 caecitatis
1962 719 2286 804 laqueum
2320 720 2728 802 abrumpere
2774 715 2961 782 festi·

872 841 1138 901 nemus,
1191 830 1274 888 ut
1327 822 1416 888 ad
1463 821 1770 888 futuram
1822 820 2021 886 nobis
2082 820 2593 904 adipiscendam
2643 818 2961 884 coelestis

875 923 1075 1006 regni
1117 923 1616 989 beatitudinem
1655 922 1986 988 scandere
2034 921 2415 987 ualeamus.
2516 919 2963 1004 Quapropter

876 1043 1007 1106 ego
1029 1021 1349 1089 AEiielred
1379 1024 1603 1089 tocius
1621 1022 2009 1106 Anglorum
2040 1022 2265 1105 gentis
2299 1020 2622 1099 basileos,
2652 1027 2961 1086 caetera-

875 1143 1166 1208 rumque
1225 1125 1580 1190 nationum
1643 1124 1718 1188 in
1781 1124 2075 1190 circuitu
2135 1120 2531 1205 degentium
2590 1120 2963 1206 primatum

874 1244 1148 1307 gerens,
1193 1224 1466 1290 cuidam
1503 1223 1687 1290 fideli
1732 1243 1887 1290 meo
1941 1223 2203 1288 homini
2244 1223 2555 1288 uocitato
2603 1221 2963 1288 uocamine

875 1324 1224 1408 wulfgar,
1256 1325 1598 1392 modicam
1625 1325 1762 1390 mei
1802 1324 2063 1409 proprii
2099 1324 2269 1388 iuris
2310 1329 2537 1390 terrae
2568 1329 2859 1406 partem,
2891 1320 2961 1384 id

877 1432 987 1492 est
1009 1431 1222 1490 .1111⁰‘.
1241 1443 1520 1492 mansas
1542 1432 1614 1491 et
1633 1425 2008 1503 dimidiam,
2032 1425 2103 1490 in
2130 1423 2475 1490 communi
2493 1430 2679 1490 terra
2694 1423 2963 1489 duobus

879 1525 1052 1592 locis
1081 1524 1342 1592 diuisas
1375 1543 1506 1592 .111.
1534 1525 1857 1592 uidelicet
1885 1543 2161 1591 mansas
2207 1525 2283 1588 in
2322 1523 2477 1589 loco
2512 1522 2633 1608 qui
2666 1522 2963 1607 Anglica

879 1625 1343 1711 appellatione
1385 1626 1636 1692 dicitur
1679 1627 1998 1704 Draetun,
2044 1631 2116 1692 et
2152 1644 2365 1691 unam
2408 1643 2721 1690 mansam
2756 1631 2829 1689 et
2856 1623 2965 1688 di-.

883 1727 1164 1794 midiam
1209 1727 1282 1792 in
1329 1725 1498 1792 uilla
1541 1745 1721 1811 quae
1763 1733 2056 1793 uocatur
2100 1725 2399 1803 Su’stun,
2444 1726 2517 1792 in
2559 1732 2967 1810 perpetuam

879 1827 1183 1893 concedo
1267 1826 1785 1906 haereditatem,
1862 1834 2203 1911 quatenus
2284 1827 2434 1891 uita
2512 1825 2645 1890 sibi
2714 1823 2967 1890 comite

882 1927 1138 1995 habeat
1203 1946 1285 1995 ac
1339 1928 1731 2011 possideat3
1798 1947 1955 1993 cum
2006 1934 2238 1992 autem
2292 1925 2810 1993 dissolutionem
2856 1924 2969 1990 sui

881 2027 1190 2112 corporis
1217 2029 1572 2093 imminere
1599 2029 2027 2112 cognouerit,
2069 2029 2476 2111 cuicumque
2506 2027 2636 2092 sibi
2690 2025 2970 2093 libuerit

883 2127 1162 2194 haeredi
1217 2130 1678 2208 commendet,
1733 2135 1817 2194 ut
1882 2128 2422 2212 supradiximuS,
2479 2127 2552 2193 in
2614 2133 2969 2193 aeternam

885 2229 1407 2310 possessionem.
1526 2229 1635 2294 Sit
1693 2236 1927 2294 autem
1983 2229 2187 2294 huius
2245 2235 2523 2294 nostrae
2579 2227 2967 2294 donationis

885 2329 1168 2394 libertas
1204 2330 1292 2393 ab
1326 2328 1514 2394 omni
1555 2329 1774 2394 fiscali
1807 2330 2070 2394 tributo
2106 2338 2176 2395 et
2208 2347 2455 2394 secura
2484 2337 2786 2406 maneat,
2818 2328 2967 2392 sine

886 2429 1121 2513 aliquo
1167 2428 1550 2506 obstaculo,
1602 2449 1758 2496 cum
1811 2430 2125 2494 omnibus
2177 2429 2267 2494 ad
2316 2447 2393 2494 se
2446 2429 2968 2513 pertinentibus,

885 2530 1174 2611 campis,
1227 2530 1530 2613 pascuis,
1575 2530 1817 2613 pratis,
1854 2529 2077 2608 siluis,
2120 2548 2592 2614 aquarumque
2632 2530 2975 2608 cursibus,

887 2631 1199 2712 exceptis
1276 2630 1521 2708 tribue,
1598 2629 2061 2712 expeditione,
2138 2632 2371 2714 pontis
2435 2630 2971 2706 constructione,

887 2729 1156 2794 arcisue
1185 2731 1580 2796 munitione.
1684 2725 1765 2797 Si
1800 2730 1921 2813 qui
1948 2730 2267 2814 denique,
2300 2730 2467 2795 mihi
2509 2750 2648 2797 non
2678 2730 2972 2814 optanti,

887 2828 1064 2897 hanc
1121 2829 1462 2897 libertatis
1521 2829 1823 2910 kartam,
1883 2830 2284 2915 cupiditatis
2343 2831 2563 2899 liuore
2639 2829 2971 2916 depressi,

890 2930 1153 2997 uiolare
1219 2932 1625 3014 satagerint,
1691 2951 1849 2997 cum
1904 2933 2292 3015 agminibus
2362 2941 2581 2998 tetrae
2657 2932 2975 3014 caliginis

890 3030 1072 3114 lapsi
1117 3050 1358 3097 uocem
1407 3031 1694 3098 audiant
1729 3033 2263 3099 examinationis
2300 3033 2411 3098 die
2456 3034 2693 3115 magni
2739 3032 2977 3099 iudicii

889 3132 1026 3197 sibi
1081 3131 1396 3211 dicentis,
1467 3138 1489 3168 ‘
1509 3131 1866 3199 Discedite
1926 3153 1973 3199 a
2032 3154 2143 3200 me
2203 3132 2553 3200 maledicti
2611 3135 2685 3198 in
2744 3134 2975 3216 ignem

892 3239 1270 3311 aeternum,
1324 3234 1443 3298 ubi
1503 3252 1660 3299 cum
1716 3234 2163 3301 daemonibus
2216 3234 2454 3301 ferreis
2506 3234 2976 3317 sartaginibus

891 3331 1155 3397 crudeli
1219 3339 1672 3417 torqueantur
1731 3334 1805 3398 in
1864 3354 2112 3418 poena,
2162 3334 2224 3399 si
2273 3355 2411 3400 non
2467 3341 2629 3400 ante
2684 3341 2977 3401 mortem

894 3432 1107 3515 digna
1135 3430 1267 3497 hoc
1299 3433 1815 3499 emendanerint
1846 3435 2290 3516 poenitentia.
2389 3432 2599 3501 Anno
2632 3435 2720 3501 ab
2752 3434 2977 3500 incar-

893 3533 1173 3598 natione
1217 3530 1470 3597 domini
1530 3534 1748 3599 nostri
1796 3532 2007 3599 Ihesu
2064 3534 2320 3600 Christi
2374 3552 2978 3601 .ncccc.1.xxxm.

895 3632 1268 3698 indictione
1328 3648 1458 3697 .x¹.
1518 3632 1625 3697 his
1681 3635 1975 3699 testibus
2033 3637 2619 3702 consentientibus
2683 3655 2977 3721 quorum

895 3732 1177 3798 inferius
1209 3734 1490 3798 nomina
1517 3734 1837 3799 caraxari
1866 3733 2210 3801 uidentur.

1005 3836 1085 3916 »Β
1125 3833 1278 3917 Ego
1333 3832 1660 3901 AEsselred
1709 3854 1836 3899 rex
1894 3834 2283 3918 Anglorum
2334 3835 2539 3901 huius
2587 3835 2981 3902 donationis

891 3933 1274 4001 libertatem
1325 3936 1516 4018 regni
1555 3936 1779 4001 tocius
1821 3935 2174 4019 fastigium
2214 3944 2455 4003 tenens
2495 3937 2789 4002 libenter
2816 3955 2981 4002 con-

891 4033 1090 4099 cessi.
1229 4037 1310 4120 ›1‹
1382 4036 1536 4119 Ego
1603 4036 1926 4102 Dunstan
1991 4036 2541 4103 Dorouernensis
2602 4037 2981 4103 aecclesiae

893 4133 1450 4219 archiepiscopus
1481 4156 1636 4203 cum
1669 4137 1871 4219 signo
1904 4145 2187 4203 sanctae
2216 4140 2440 4209 crucis
2468 4137 2811 4205 roboraui.
2890 4138 2971 4221 ›1‹

895 4234 1048 4320 Ego
1111 4234 1424 4302 Osuuold
1487 4237 1947 4303 Eboracensis
2002 4236 2379 4305 aecclesiae
2424 4239 2984 4323 archiepiscopus

888 4335 1112 4401 crucis
1141 4343 1452 4405 taumate
1485 4338 1839 4404 adnotaui.
1947 4336 2036 4425 ,Β
2076 4338 2228 4422 Ego
2262 4340 2685 4409 AE’Geluuold
2716 4339 2981 4423 episco-
