3552 5764
969 608 1315 659 offusus
1358 608 1691 659 ANGLOSA
1702 610 2045 661 xochu.
2421 599 2552 666 143

456 768 611 851 Ego
675 768 1051 835 AEvelmaer
1115 768 1447 833 minister.
1558 771 1635 851 4
1684 769 1840 853 Ego
1905 768 2164 835 Ordulf
2216 772 2548 837 minister.

466 871 546 952 4
584 868 741 953 Ego
776 868 1135 935 Uulfheah
1168 869 1496 935 minister.
1603 869 1692 955 4
1726 870 1882 953 Ego
1913 870 2185 937 Uulfric
2213 874 2546 938 minister.

466 971 547 1051 4
588 970 745 1050 Ego
776 968 1115 1053 Uulfgeat
1155 970 1485 1035 minister.
1595 970 1681 1055 4
1718 969 1873 1053 Ego
1906 970 2176 1037 Freana
2213 973 2548 1039 minister.

466 1071 546 1152 4
620 1070 773 1152 Ego
834 1070 1211 1136 AEvelmoer
1281 1069 1613 1137 minister.
1759 1072 1840 1153 4
1909 1071 2064 1155 Ego
2129 1072 2549 1139 Eseluuold

456 1170 789 1236 minister.
901 1171 981 1252 4
1022 1170 1176 1253 Ego
1203 1169 1513 1235 AE’selric
1552 1170 1889 1237 minister.
1986 1174 2066 1255 4
2109 1172 2262 1257 Ego
2294 1172 2548 1257 Byrht-

456 1271 555 1336 rie
582 1271 915 1337 minister.
1028 1272 1108 1353 4
1150 1269 1304 1352 Ego
1338 1269 1592 1336 Eadric
1620 1270 1950 1337 minister.

1264 1564 1759 1634 Mccxcvl.

1122 1714 1643 1794 AEDELRED,
1685 1714 1877 1781 1002.

570 1865 650 1946 4
691 1860 784 1927 ΙΝ
808 1860 1085 1928 nomine
1108 1861 1365 1927 domini
1394 1862 1618 1929 nostri
1652 1862 1866 1929 Ibesu
1902 1862 2200 1931 Christi!
2306 1863 2549 1931 Omnis

464 1962 699 2029 mundi
746 1968 975 2029 status
1022 1969 1215 2027 certo
1262 1962 1401 2029 fine
1452 1964 1888 2043 terminatur,
1922 1972 1993 2029 et
2034 1983 2120 2029 ea
2163 1983 2344 2048 quae
2384 1974 2548 2031 sunt

462 2063 809 2130 defectiua
844 2081 1011 2128 casu
1063 2070 1275 2129 ruunt
1324 2063 1589 2147 rapido,
1624 2082 1807 2147 quae
1845 2083 2013 2129 uero
2063 2065 2392 2131 continua
2441 2066 2547 2132 ui·

462 2171 631 2249 gent
660 2165 1026 2229 inexausto
1056 2163 1537 2248 perpetuitatis
1572 2164 1839 2247 uigore,
1869 2164 2024 2231 ideo
2066 2166 2358 2249 singulis
2395 2166 2547 2250 qui-

459 2266 725 2349 busque
780 2263 1099 2331 sollerter
1158 2264 1566 2329 studendum
1630 2272 1763 2343 est,
1823 2265 1988 2330 dum
2053 2264 2325 2331 indulta
2376 2273 2546 2331 tem-

458 2384 703 2449 porum
754 2364 991 2448 spacia
1042 2363 1153 2428 dei
1212 2370 1388 2429 nutu
1440 2382 1770 2431 concessa
1828 2366 2194 2446 sustinent,
2251 2385 2339 2430 ne
2393 2367 2542 2433 sine

456 2466 689 2531 fructu
730 2464 1141 2549 spiritalium
1175 2464 1506 2530 uirtutum
1536 2466 1812 2531 easdem
1859 2465 2170 2531 inducias
2195 2468 2542 2550 transiga-

460 2585 633 2632 mus.
760 2563 1223 2644 Quamobrem
1290 2585 1424 2648 ego
1486 2563 1832 2645 AEbelred,
1899 2565 2174 2632 fauente
2244 2586 2543 2652 superno

458 2666 758 2744 numine,
789 2666 1091 2730 basileus
1133 2664 1521 2749 Anglorum
1559 2674 2126 2750 caeterarumque
2165 2668 2538 2751 [gentium]

458 2766 529 2832 in
562 2766 857 2833 circuitu
893 2764 1405 2850 persistentium
1451 2785 1549 2831 .x.
1593 2766 1917 2832 uidelicet
1966 2786 2266 2845 mansas,
2297 2769 2417 2850 qui
2452 2770 2539 2833 ab

452 2866 697 2934 incolis
756 2865 1105 2932 Haeseleia
1164 2873 1259 2932 aet
1309 2871 1449 2932 {San
1513 2871 1823 2950 ny³6eran
1881 2872 2044 2932 tune
2107 2874 2544 2951 nuncupatur

454 2965 819 3045 uocabulo,
890 2966 1162 3032 cuidam
1238 2965 1424 3032 fideli
1504 2967 1816 3032 ministro
1893 2967 2200 3033 uocitato
2269 2967 2540 3033 nomine

456 3067 820 3145 Godwine,
890 3087 1019 3151 pro
1089 3067 1237 3133 eius
1313 3066 1593 3131 amabili
1662 3067 1992 3150 obsequio
2068 3073 2140 3130 et
2218 3066 2540 3151 placabili

452 3166 789 3246 mercede,
848 3166 916 3232 id
984 3174 1094 3233 est
1158 3185 1359 3234 axx.
1417 3184 1782 3232 mancusas
1840 3167 1996 3250 puri
2063 3165 2240 3244 auri,
2302 3185 2542 3233 conce-

453 3269 621 3334 dens
672 3267 1091 3354 pei-donabo,
1143 3287 1301 3332 cum
1360 3267 1674 3332 omuibus
1728 3267 1814 3332 ad
1876 3285 1953 3332 se
2007 3267 2138 3332 rite
2191 3268 2538 3350 pertinen-

453 3368 663 3448 tibus,
712 3369 999 3452 campis,
1043 3367 1343 3453 pascuis,
1391 3366 1635 3450 pratis,
1678 3383 2150 3452 aquarumque
2200 3367 2537 3446 cursibus,

452 3477 533 3536 ut
573 3469 750 3552 ipse,
802 3469 949 3534 uita
1007 3467 1281 3546 comite,
1337 3466 1589 3533 habeat
1643 3486 1726 3532 ac
1781 3468 2156 3552 possideat,
2207 3468 2536 3550 quamdiu

452 3589 727 3636 cunsum
794 3567 997 3634 huius
1062 3567 1289 3633 labilis
1353 3567 1542 3633 uitae
1602 3567 2037 3652 perfruatur;
2115 3576 2274 3652 post
2335 3568 2537 3634 finem

452 3689 617 3736 uero
668 3670 841 3746 eius,
887 3669 1292 3751 cuicumque
1340 3666 1471 3732 sibi
1524 3667 1862 3752 placuerit
1918 3667 2194 3734 haeredi
2244 3668 2536 3733 derelin-

454 3778 651 3854 quat.
780 3769 888 3834 Sit
958 3775 1191 3834 autem
1253 3767 1610 3853 praedicta
1676 3775 1862 3834 terra
1922 3767 2138 3833 libera
2201 3769 2289 3834 ab
2353 3771 2538 3834 omni

452 3869 786 3935 mundiali
843 3869 1227 3946 obstaculo,
1288 3868 1509 3933 tribus
1566 3867 1904 3952 exceptiS,
1966 3869 2036 3932 id
2092 3875 2199 3932 est
2255 3867 2538 3952 expedi-

453 3970 663 4048 tione,
722 3969 956 4054 pontis
1010 3969 1279 4035 arcisue
1332 3969 1863 4034 constructione.
1966 3967 2040 4032 Si
2094 3969 2250 4051 quis
2305 3975 2535 4035 autem

453 4069 583 4136 hoc
621 4090 849 4136 meum
899 4070 1153 4135 donum
1200 4077 1509 4134 euertere
1558 4067 1925 4144 studuerit,
1975 4067 2089 4133 uel
2141 4068 2353 4134 alium
2409 4088 2534 4134 an-

454 4171 719 4254 tiquum
786 4170 1033 4236 librum
1094 4168 1208 4236 uel
1262 4188 1519 4234 nouum
1577 4167 1966 4251 protulerit,
2025 4187 2154 4232 nec
2215 4169 2346 4235 sibi
2408 4189 2536 4236 nec

453 4271 607 4336 aliis
648 4272 991 4355 proficiat,
1028 4268 1150 4336 sed
1195 4270 1269 4334 in
1312 4269 1729 4354 sempiterno
1774 4267 2068 4351 graphio
2111 4268 2423 4335 deleatur
2464 4279 2536 4336 et

454 4391 605 4436 cum
656 4372 858 4438 iustis
896 4390 1033 4436 non
1083 4371 1450 4447 scribatur,
1504 4369 1623 4436 sed
1681 4367 2070 4436 consideret
2105 4369 2264 4436 hinc
2304 4391 2381 4436 se
2422 4370 2535 4438 die
