3552 5764
935 585 1024 650 16
1449 601 1796 650 cmm-mn
1848 600 2085 650 Auem
2100 599 2537 651 sAxochn.

941 760 1164 824 tiones
1196 758 1283 823 ad
1311 757 1700 823 huiusmodi
1736 777 1881 823 rem
1904 757 2359 823 exercendam
2388 758 2649 840 absque
2678 757 3041 822 exactione

939 860 1155 943 precii
1223 878 1267 923 a
1325 857 1873 942 calumpniatore
1932 859 2046 923 nel
2107 859 2577 942 calumpniato
2636 859 2821 923 intra
2876 877 3039 942 pro-

941 961 1238 1025 cinctum
1297 960 1696 1024 monasterii
1760 966 2055 1036 tantum,
2123 958 2243 1024 sed
2298 965 2501 1023 extra
2560 957 2881 1024 efferendi
2944 958 3037 1022 ad

941 1059 1146 1124 uillas
1187 1079 1350 1124 suas
1384 1058 1497 1124 uel
1527 1077 1774 1124 causas
1819 1059 2111 1125 aliorum
2156 1059 2463 1142 agendas
2507 1078 2647 1123 non
2686 1058 3039 1124 habebunt

940 1166 1379 1244 potestatem.
1500 1159 1933 1226 Relaxamus
1978 1160 2187 1224 etiam
2230 1179 2349 1225 eos
2404 1159 2525 1242 qui
2572 1160 2755 1224 intra
2800 1159 3039 1224 uillam

939 1261 1161 1344 ipsius
1195 1261 1590 1344 procinctus
1623 1266 2135 1325 commorantur
2177 1279 2222 1324 a
2260 1259 2553 1325 collecta
2597 1259 3037 1324 denariorum

942 1380 1152 1443 quam
1183 1359 1570 1426 rome-scoth
1603 1359 1985 1444 appellant,
2009 1361 2189 1425 sicut
2220 1359 2613 1425 relaxatum
2644 1368 2753 1425 est
2784 1379 2827 1425 a
2857 1360 3037 1442 regi-

940 1463 1074 1526 bus
1123 1459 1280 1525 Offa
1329 1467 1402 1525 et
1441 1459 1746 1525 Kenulfo
1791 1466 1863 1526 et
1917 1459 2266 1544 Eadgaro,
2317 1467 2387 1526 et
2433 1462 2669 1526 omnia
2715 1480 2893 1546 quae
2946 1460 3035 1525 ad

941 1562 1329 1627 libertatem
1363 1568 1435 1626 et
1466 1560 1957 1626 exaltationem
1985 1560 2173 1626 illius
2205 1560 2341 1625 loci
2371 1581 2497 1644 per
2529 1567 2835 1626 nostram
2871 1581 3041 1626 auc·

942 1663 1295 1727 toritatem
1317 1661 1640 1728 accedere
1671 1667 1986 1745 possunt,
2004 1660 2207 1726 hilari
2240 1669 2313 1726 et
2342 1670 2663 1745 prompta
2678 1662 3037 1727 uoluntate

943 1763 1400 1828 concedimus.
1492 1760 1842 1827 Nimirum
1876 1781 2031 1828 cum
2077 1781 2210 1844 ego
2236 1760 2339 1825 illi
2374 1767 2615 1827 sancto
2654 1761 2807 1827 loco
2837 1762 3037 1845 quasi

890 1869 900 1876 ‘
943 1863 1314 1929 multorum
1332 1881 1573 1946 regum
1602 1862 2023 1947 temporibus
2045 1862 2361 1944 neglecto
2378 1862 2813 1946 praefuerim,
2830 1881 3036 1946 quem

944 1971 1191 2047 postea
1246 1962 1498 2028 additis
1548 1962 1613 2026 ei
1662 1962 2035 2046 aliquantis
2088 1963 2292 2027 terris
2341 1961 2719 2027 uenerabili
2762 1962 3034 2029 Wlsino

943 2065 1248 2129 eiusdem
1310 2061 1446 2128 loci
1501 2062 1839 2128 monacho
1905 2063 2533 2128 commendauimus
2598 2064 3036 2142 seruandum,

945 2183 1122 2247 quas
1154 2162 1418 2228 scilicet
1457 2169 1680 2227 terras
1721 2161 1835 2226 hic
1877 2161 2206 2229 denotare
2238 2183 2379 2230 non
2411 2164 2808 2229 omittimus.
2915 2163 3037 2229 In-

947 2264 1186 2349 primis
1216 2264 1402 2328 circa
1429 2262 1603 2327 illud
1635 2264 2129 2329 monasterium
2160 2281 2248 2327 .v.
2276 2283 2555 2329 mansas
2588 2282 2633 2328 a
2660 2264 3039 2330 uenerabili

948 2384 1110 2446 rege
1141 2363 1466 2446 Eadgaro
1503 2379 1731 2428 cxx.
1764 2363 2113 2429 mancusis
2146 2363 2321 2444 auri,
2357 2383 2498 2429 una
2524 2383 2681 2429 cum
2704 2364 2861 2430 loco
2878 2365 3036 2444 emi,

949 2475 1020 2529 et
1043 2483 1197 2529 cum
1234 2464 1610 2528 redditibus
1642 2470 1713 2528 et
1726 2483 1888 2529 cum
1909 2462 2111 2530 terris
2144 2483 2319 2549 quas
2346 2464 2613 2549 antiqui
2646 2485 2870 2548 regeS,
2904 2467 3039 2530 sci·

949 2564 1112 2629 licet
1130 2563 1311 2644 Offa,
1332 2563 1705 2644 Kenulsus,
1727 2571 1801 2630 et
1821 2563 2171 2644 Alfredus,
2188 2565 2292 2630 illi
2312 2572 2557 2630 sancto
2573 2565 2728 2632 loco
2744 2567 3037 2648 benigne

947 2665 1303 2734 dederant.
1407 2664 1589 2731 Item
1635 2682 1724 2730 Ν.
1768 2683 2048 2731 mansas
2091 2667 2165 2730 in
2208 2664 2642 2744 Blekinham,
2688 2673 2759 2732 et
2804 2684 2927 2733 Νι.
2967 2669 3039 2730 in

951 2764 1426 2848 Lowereslege
1460 2785 1505 2831 a
1545 2765 1859 2850 praefato
1904 2786 2068 2849 rege
2094 2765 2229 2831 emi
2265 2784 2362 2832 .x.
2396 2766 2741 2833 mancusis
2782 2768 2933 2832 auri
2967 2775 3039 2833 et

950 2865 1180 2931 addidi
1229 2867 1648 2933 monasterio
1703 2865 2040 2951 praefato.
2163 2866 2343 2932 Item
2390 2873 2735 2934 mercatus
2790 2887 2943 2933 sum
2993 2889 3040 2932 a

950 2966 1329 3033 uenerabili
1457 2966 1899 3033 AE’eelwoldo
1979 2968 2444 3033 wintoniensi
2524 2969 2849 3053 episcopo
2936 2986 3036 3035 .x.

948 3087 1246 3148 mansas,
1275 3075 1348 3134 et
1379 3084 1482 3133 .x.
1518 3087 1564 3133 a
1583 3068 1885 3153 quodam
1900 3067 2207 3135 Wlnofflo
2223 3068 2439 3133 milite
2471 3070 2655 3150 reg-is
2683 3070 3041 3152 octoginta

947 3169 1140 3233 libris
1169 3170 1445 3252 probati
1485 3169 1781 3252 argenti,
1810 3187 2071 3252 easque·
2098 3169 2228 3233 sub
2260 3188 2401 3234 uno
2428 3169 2774 3235 territorio
2805 3170 3039 3236 addidi

949 3270 1261 3353 praefato
1290 3269 1707 3334 monasterio
1746 3270 1819 3333 in
1858 3269 2014 3334 loco
2046 3269 2310 3335 scilicet
2336 3270 2458 3353 qui
2488 3268 2835 3335 Hendune
2869 3270 3038 3335 dici-

950 3376 1086 3434 tur.
1193 3368 1370 3434 Item
1401 3376 1544 3434 tres
1572 3375 1887 3435 cassatos
1917 3369 2051 3433 emi
2081 3388 2126 3434 a
2159 3369 2457 3454 quodam
2490 3370 2827 3437 Eadnofflso
2856 3372 3039 3453 regis

949 3470 1263 3534 ministro
1292 3485 1453 3535 ,x11.
1472 3468 1665 3534 libris
1681 3469 1752 3533 in
1774 3467 1929 3533 loco
1954 3470 2075 3554 qui
2094 3468 2555 3536 Godenhleaw
2576 3479 3036 3555 nuncupatur,

949 3579 1020 3633 et
1087 3568 1323 3634 addidi
1384 3568 1738 3653 praedicto
1799 3568 1978 3635 loco.
2081 3568 2384 3649 Quidam
2446 3578 2677 3637 autem
2733 3573 3042 3637 minister

951 3671 1134 3753 regis
1165 3669 1240 3733 in
1262 3669 1643 3734 Middilsex
1675 3669 2113 3736 mansitando
2137 3670 2464 3737 AElfwine
2488 3673 2900 3739 uocitamine
2918 3673 3041 3755 qui

951 3770 1190 3835 adiens
1235 3770 1474 3835 limina
1521 3777 1915 3837 sanctorum
1967 3770 2439 3855 apostolorum
2479 3772 2673 3838 Petri
2715 3782 2787 3839 et
2831 3772 3041 3837 Pauli

953 3869 1223 3935 Romae
1257 3872 1544 3949 scilicet,
1573 3878 1644 3937 et
1677 3871 1905 3953 gratia
1936 3871 2211 3955 inopiae
2242 3872 2443 3956 petiit
2473 3892 2518 3938 a
2549 3893 2659 3938 me
2689 3873 3038 3956 quoddam

952 3970 1487 4049 amminiculum,
1528 3972 1648 4055 qui
1676 3972 2119 4038 commodans
2166 3972 2231 4037 ei
2278 3989 2497 4038 ‚xxx
2528 3973 2740 4039 libras
2768 3974 3039 4056 argenti
3112 3966 3117 3969 ’

951 4070 1224 4153 suscepi
1299 4073 1387 4136 ab
1450 4092 1532 4137 eo
1597 4089 1776 4139 ‚v111.
1844 4090 2122 4137 mansas
2193 4073 2551 4139 cuiusdam
2626 4074 2893 4139 telluris
2969 4074 3040 4137 in

955 4168 1386 4249 Hanewelle,
1431 4179 1501 4237 et
1551 4173 1785 4237 addidi
1824 4172 1978 4239 loco
2022 4174 2612 4256 saepenominato.
2716 4173 2897 4240 Item
2934 4190 3038 4241 .x.

953 4276 1264 4335 cassatos
1304 4274 1438 4336 emi
1479 4272 1570 4337 ab
1610 4272 1891 4354 AElfego
1922 4274 2096 4338 duce
2140 4273 2451 4339 ducentis
2494 4275 2841 4339 mancusis
2889 4276 3041 4340 auri

953 4370 1023 4433 in
1057 4370 1210 4435 loco
1246 4371 1366 4454 qui
1389 4370 1755 4439 Sunnabiri
1786 4373 2038 4440 dicitur
2063 4380 2135 4438 et
2162 4372 2319 4440 dedi
2351 4374 2663 4460 praefato
2684 4376 3039 4443 coenobio.
