3552 5764
995 594 1083 658 14
1521 584 1884 656 anR'rAn'
1913 607 2604 659 AnonosAxochss.

1003 790 1141 835 non
1207 770 1464 855 poterit
1518 768 1851 846 ordinari,
1905 767 2093 851 apud
2148 767 2405 833 electos
2462 769 2751 834 abbates
2800 775 2874 833 et
2926 768 3105 834 alios

1006 880 1240 956 patres
1283 869 1487 934 deum
1541 869 1889 947 timentes,
1930 868 2082 933 sine
2133 868 2528 934 uoluntaria
2568 868 2921 947 dilatione,
2966 890 3105 934 me-

1001 972 1133 1036 diis
1157 970 1617 1036 sacrosanctis
1638 969 2021 1052 euangeliis
2044 967 2349 1034 finiatur.
2439 969 2633 1035 Inter
2652 977 2815 1052 post
2838 988 3100 1053 pauca;

1006 1073 1267 1138 Missas
1309 1090 1587 1153 quoque
1618 1069 1933 1154 publicas
1976 1071 2065 1134 ab
2093 1069 2436 1153 episcopis
2468 1071 2541 1135 in
2575 1070 2924 1134 coenobiis
2954 1071 3105 1136 fieri

1005 1173 1282 1238 omnino
1324 1172 1791 1256 probibemus,
1823 1189 1911 1234 ne
1936 1171 2011 1234 in
2041 1189 2398 1235 seruorum
2428 1169 2537 1236 dei
2579 1171 2987 1248 recessibus,
3032 1179 3107 1237 et

1005 1292 1243 1339 eorum
1283 1271 1762 1355 receptaculis,
1799 1270 1943 1335 ulla
1973 1272 2388 1355 praebeatur
2418 1272 2691 1336 occasio
2722 1279 3105 1337 conuentus

1008 1375 1123 1440 uel
1172 1373 1534 1438 mulierum
1578 1371 1704 1436 fiat
1746 1389 1970 1435 nouus
2023 1371 2373 1450 introitus,
2414 1372 2598 1453 quod
2644 1373 2920 1437 omnino
2964 1391 3105 1436 non

1007 1475 1291 1559 expedit
1332 1473 1696 1539 animabus
1747 1491 2025 1552 eorum3
2070 1491 2199 1536 nec
2242 1471 2545 1538 audeant
2574 1473 2671 1537 ibi
2704 1470 3099 1538 cathedram

1010 1577 1352 1641 collocare
1395 1573 1508 1638 uel
1547 1572 1929 1657 quamlibet
1966 1579 2385 1655 potestatem
2425 1572 2679 1638 habere
2720 1573 3105 1657 imperandi

999 1696 1138 1742 nec
1185 1675 1494 1761 aliquam
1527 1673 2055 1751 ordinationem,
2097 1673 2418 1756 quamuis
2459 1673 2906 1752 lenissimam,
2932 1674 3106 1739 faci-

1012 1777 1196 1855 endi,
1232 1777 1368 1842 nisi
1413 1783 1486 1840 et
1523 1776 1774 1840 abbate
1814 1773 2070 1839 fuerint
2111 1775 2363 1856 rogati,
2406 1775 2733 1858 quatinus
2786 1775 3106 1840 monachi

1011 1897 1286 1961 semper
1329 1883 1656 1941 maneant
1699 1875 1770 1940 in
1815 1874 2146 1939 abbatum
2178 1893 2459 1940 suorum
2489 1880 2874 1959 potestate:
2920 1876 3103 1940 idem

1011 1979 1150 2044 alio
1196 1978 1390 2055 loco;
1455 1975 1904 2040 Grauaminis
1946 1982 2020 2039 et
2062 1982 2304 2040 contra
2353 1975 2783 2042 sacerdotale
2827 1984 3107 2041 constat

1011 2097 1162 2144 esse
1205 2076 1662 2161 propositum,
1707 2076 2043 2159 cuiusque
2088 2077 2488 2141 monasterii
2530 2077 2897 2159 priuilegia
2938 2076 3105 2141 olim

1009 2177 1280 2244 indulta
1313 2174 1728 2242 confundere
1769 2183 1843 2240 et
1874 2175 1963 2240 ad
1998 2176 2269 2241 irritum
2303 2196 2485 2260 quae
2512 2185 2677 2242 sunt
2707 2197 2835 2262 pro
2867 2177 3101 2260 quiete

1011 2278 1351 2362 disposita
1410 2277 1541 2342 niti
1599 2277 1981 2341 deducere:
2045 2277 2213 2341 item
2278 2276 2425 2344 Leo
2476 2297 2687 2362 papa,
2742 2277 3103 2342 Marciano

1012 2378 1367 2462 Augusto:
1405 2377 1791 2459 Priuilegia
1812 2377 2386 2442 monasteriorum
2410 2385 2801 2443 sanctorum
2828 2386 3105 2462 patrum

1014 2481 1432 2545 auctoritate
1455 2479 1783 2545 instituta
1798 2477 1993 2543 nulla
2021 2485 2314 2561 possunt
2332 2479 2755 2562 inprobitate
2784 2479 3105 2557 conuelli,

1013 2580 1206 2645 nulla
1221 2581 1534 2646 nouitate
1549 2580 1836 2644 mutari:
1880 2579 2047 2643 item
2067 2597 2159 2643 ex
2187 2579 2479 2644 decretis
2496 2576 2821 2645 Anacleti
2848 2599 3107 2664 papae3

1014 2680 1396 2764 Priuilegia
1429 2679 2003 2745 monasteriorum
2034 2680 2450 2745 intemerata
2480 2686 2553 2746 et
2578 2679 2919 2746 inuiolata
2948 2700 3108 2764 per-

1013 2783 1242 2865 petuis
1287 2781 1715 2846 decreuimus
1769 2799 2047 2846 manere
2096 2780 2564 2865 temporibus:
2636 2781 2801 2846 item
2860 2781 3107 2845 beatus

1014 2880 1454 2966 Augustinus
1491 2881 1564 2947 in
1594 2881 1772 2947 libro
1816 2882 1903 2946 de
1948 2880 2475 2948 aecclesiasticis
2508 2881 2863 2947 ordinibus
2906 2880 3109 2949 docet

1013 2984 1144 3048 sub
1178 2983 1408 3068 quiete
1441 2981 1815 3047 monachos
1834 2982 2247 3065 regulariter
2276 2982 2593 3047 uiuentes
2621 3002 2751 3047 sua
2774 2982 3109 3064 singulari

1014 3085 1170 3167 lege
1203 3084 1454 3149 debere
1485 3084 1863 3167 quiescere,
1903 3091 1975 3148 et
2016 3083 2105 3147 ab
2134 3083 2318 3147 omni
2348 3082 2792 3149 infestatione
2822 3084 3106 3148 clerico-

1015 3205 1166 3250 rum
1203 3185 1583 3268 intrepidos
1623 3202 2050 3268 permanere,
2088 3203 2176 3247 ne
2211 3184 2588 3249 saecularis
2626 3185 2957 3267 strepitus
2986 3203 3109 3249 eos

1014 3285 1248 3351 laedat
1275 3305 1450 3368 quos
1486 3283 1805 3349 districta
1828 3285 2072 3367 regula
2098 3284 2455 3349 seruitutis
2498 3284 2757 3349 domini
2799 3284 3111 3349 modera-

1019 3393 1173 3451 tur:
1225 3386 1392 3451 item
1423 3405 1514 3449 ex
1553 3383 1844 3450 concilio
1890 3384 1963 3448 H
1967 3385 2296 3468 ispalensi
2330 3386 2660 3464 secundm
2724 3384 3109 3450 Statuimus

1013 3486 1167 3570 pari
1221 3486 1564 3550 sententia
1613 3492 1695 3549 ut
1734 3485 2090 3564 coenobia,
2134 3503 2314 3567 quae
2360 3485 2743 3569 antiquitus
2790 3486 3113 3551 instituta

1015 3593 1201 3663 sunt,
1259 3583 1592 3650 immobili
1651 3590 1723 3649 et
1779 3584 2190 3650 inconcussa
2232 3583 2612 3651 stabilitate
2661 3594 3112 3669 permaneant

1015 3686 1336 3752 solidata.
1438 3685 1514 3749 Si
1543 3683 1700 3767 quis
1733 3692 1989 3764 autem,
2017 3684 2202 3769 quod
2237 3686 2445 3765 absit,
2465 3695 2775 3752 nostrum
2804 3685 2919 3751 uel
2952 3706 3108 3751 suc-

1017 3787 1403 3852 cedentium
1451 3784 1886 3850 sacerdotum
1938 3785 2293 3869 quodlibet
2335 3787 2827 3853 monasterium
2871 3794 2995 3852 aut
3036 3788 3113 3852 ui

1017 3888 1419 3971 cupiditatis
1468 3885 1868 3971 expoliandi
1918 3894 2042 3951 aut
2084 3886 2523 3952 simulatione
2573 3887 2808 3971 aliqua
2848 3886 3109 3952 fraudis

1019 3988 1452 4053 conuellendi
1529 3987 1643 4052 uel
1717 3986 2143 4052 dissoluendi
2203 3988 2673 4071 temptauerit,
2742 3987 3110 4053 anathema

1019 4086 1322 4165 effectus,
1353 4095 1630 4153 maneat
1651 4106 1696 4152 a
1715 4107 1931 4171 regno
1954 4088 2065 4153 dei
2087 4094 2491 4167 extraneuS,
2520 4107 2647 4153 nec
2670 4088 2987 4174 proficiat
3008 4089 3111 4153 illi

1018 4190 1270 4252 bonum
1306 4188 1466 4253 fidei
1492 4188 1604 4252 uel
1649 4190 1879 4271 operis
1923 4188 2012 4253 ad
2055 4188 2355 4254 salutem
2399 4188 2520 4273 qui
2565 4196 2803 4254 tantae
2848 4196 2920 4254 et
2963 4198 3105 4254 tam

1016 4287 1341 4353 salutaris
1404 4289 1589 4352 uitae
1668 4289 2094 4354 destruxerit
2164 4290 2533 4355 tramitem.
2670 4289 2878 4355 Hanc
2939 4308 3109 4372 ergo

1014 4390 1423 4472 scriptorum
1460 4386 1735 4453 illorum
1781 4390 2189 4454 sententiam
2226 4390 2765 4467 considerantes,
2806 4388 2916 4456 uel
2950 4389 3110 4456 ideo
