3552 5764
959 663 1302 713 cussus
1346 663 2033 716 Aucmssxomcsu.
2456 651 2544 715 ‘77

459 821 792 885 terimus.’
892 819 1330 904 Quapropter
1381 820 1627 886 lubrici
1673 827 2075 903 potentatus
2124 842 2261 887 non
2318 824 2534 886 inme-

462 940 634 998 mor,
676 940 809 1004 ego
843 920 1146 1003 Eadgar,
1194 919 1468 986 Christo
1511 920 1904 986 conferente
1942 941 2065 986 rex
2110 929 2180 987 et
2223 924 2536 1005 primice-

461 1021 606 1085 rius
638 1021 864 1086 tocius
896 1020 1235 1097 Albionis,
1267 1021 1460 1102 regni
1489 1019 1841 1102 fastigium
1872 1020 2111 1086 humili
2144 1023 2538 1105 praesidens

467 1122 718 1198 animo,
763 1120 853 1185 ob
898 1121 1512 1185 remunerationem
1555 1121 1835 1185 maioris
1877 1122 2187 1204 praemii,
2231 1123 2541 1205 aliquan·

469 1220 684 1286 tulam
729 1220 910 1284 ruris
950 1218 1358 1304 particulam
1409 1236 1511 1284 .11.
1557 1228 2023 1303 comparatam
2071 1222 2385 1299 cassatiS,
2430 1221 2542 1286 cui

469 1320 878 1386 uocabulum
906 1325 1096 1384 certa
1128 1318 1619 1402 astipulatione
1646 1319 2156 1386 Denceswur’de
2177 1320 2543 1405 profertur,

471 1422 561 1485 ad
593 1420 991 1484 aecclesiam
1023 1420 1266 1484 beatae
1303 1418 1590 1496 Mariae,
1626 1420 1981 1502 genitricis
2016 1420 2126 1484 dei
2165 1439 2247 1486 ac
2287 1421 2541 1485 domini

473 1520 692 1586 nostri
725 1518 934 1584 Ihesu
971 1516 1254 1596 Christi,
1291 1520 1362 1583 in
1390 1518 1544 1584 loco
1573 1519 1692 1604 qui
1720 1519 1969 1583 dicitur
2001 1517 2418 1597 Abbandun,
2454 1521 2541 1585 ad

478 1639 642 1684 usus
669 1619 921 1684 ibidem
950 1617 1240 1683 fratrum
1261 1618 1390 1684 deo
1424 1618 1863 1683 seruientium
1893 1618 2179 1684 libenter
2205 1620 2541 1700 conced03

471 1721 838 1785 obsecrans
885 1726 956 1783 et
998 1718 1426 1802 praecipiens
1480 1719 1552 1782 in
1600 1719 1870 1783 nomine
1925 1716 2184 1784 Christi
2227 1728 2304 1784 ut
2340 1739 2542 1785 nemo

471 1837 939 1884 successorum
966 1825 1354 1883 nostrorum
1387 1817 1756 1900 superioris
1792 1817 1903 1882 uel
1920 1817 2255 1884 inferioris
2288 1819 2543 1901 gradus

474 1918 602 1985 hoc
645 1926 926 1986 nostrae
968 1917 1354 1984 deuotionis
1399 1917 1652 1984 donum
1695 1917 1931 2001 aliquo
1969 1919 2375 1984 temeritatis
2420 1919 2542 1983 ali·

477 2027 820 2103 quatenus
874 2018 1200 2082 instinctu
1257 2016 1659 2100 disrumpat.
1761 2016 1868 2082 Sit
1916 2023 2146 2082 autem
2196 2019 2549 2102 praedicta

477 2120 706 2198 tellus,
747 2137 952 2202 quam
992 2136 1149 2200 ego,
1196 2136 1349 2181 cum
1389 2135 1722 2182 consensu
1782 2117 2186 2201 optimatum
2216 2137 2543 2197 meorum,

481 2219 792 2302 praefato
827 2217 1116 2300 largitus
1151 2235 1299 2281 sum
1335 2218 1687 2294 coenobio,
1721 2217 1811 2280 ab
1844 2218 2028 2283 omni
2061 2225 2371 2284 terrenae
2404 2237 2550 2282 ser·

486 2319 724 2384 uitutis
775 2319 940 2400 iugo
983 2317 1223 2394 libera,
1255 2317 1474 2382 tribus
1518 2316 1623 2382 his
1665 2316 1999 2400 exceptis,
2034 2324 2190 2383 rata
2232 2317 2551 2384 uidelicet

483 2417 935 2504 expeditione,
995 2417 1226 2501 pontis
1287 2417 1552 2482 arcisue
1609 2417 2131 2483 restauratione.
2253 2417 2328 2482 Si
2390 2417 2547 2503 quis

481 2526 734 2596 autem,
765 2517 1107 2582 laruarico
1137 2516 1501 2581 instinctus
1537 2517 1807 2601 spiritu,
1838 2516 1969 2581 hoc
2001 2517 2255 2582 donum
2288 2518 2549 2583 uiolare

483 2619 934 2684 immutareue
990 2623 1597 2701 praesumptuosus
1647 2617 2113 2701 temptauerit,
2166 2618 2297 2681 nisi
2340 2617 2551 2700 digna

481 2717 946 2785 satisfactione
967 2723 1128 2782 ante
1151 2715 1414 2782 obitum
1445 2735 1644 2782 suum
1673 2736 1834 2781 reus
1856 2717 2292 2800 poenituerit,
2326 2725 2549 2782 aeter-

489 2820 593 2885 nis
659 2816 966 2884 barathri
1027 2823 1415 2902 prostratus
1473 2816 1801 2882 incendiis
1858 2836 2013 2881 cum
2066 2815 2241 2881 Iuda
2298 2816 2557 2882 Christi

486 2919 832 3004 proditore
883 2916 1318 2984 aeternaliter
1365 2916 1673 2999 lugubris
1727 2917 2073 3000 puniatur.
2177 2916 2313 2981 His
2354 2918 2555 2982 metis

490 3020 872 3104 praefatum
923 3037 1042 3083 rus
1100 3017 1254 3082 hinc
1301 3017 1463 3082 inde
1511 3023 1819 3101 gyratur.
1919 3014 2129 3081 Anno
2177 3014 2557 3082 dominicae

489 3118 976 3190 iucarnationis
1007 3133 1446 3185 ‚nccccmxm
1483 3117 1741 3199 scripta
1767 3121 1875 3180 est
1907 3122 2122 3179 carta.

601 3222 682 3304 ›1‹
726 3218 878 3301 Ego
913 3216 1192 3301 Eadgar
1227 3236 1352 3281 rex
1399 3214 1779 3298 Anglorum
1824 3214 2205 3299 praefatam
2248 3214 2561 3282 donatio-

495 3338 646 3385 nem
689 3318 1017 3385 concessi.
1133 3319 1212 3400 ›1‹
1257 3315 1408 3399 Ego
1445 3316 1765 3381 Dunstan
1809 3314 2355 3399 archiepiscopus
2401 3335 2555 3381 cum

493 3422 687 3503 signo
711 3424 990 3484 sanctae
1023 3417 1244 3483 crucis
1276 3415 1614 3481 roboraui.
1724 3418 1804 3499 ›1‹
1840 3415 1993 3497 Ego
2026 3415 2307 3499 Oscytel
2343 3415 2556 3480 archi-

491 3519 766 3603 praesul
786 3517 1084 3601 sigillum
1108 3518 1308 3599 agiae
1337 3516 1558 3581 crucis
1581 3516 1917 3597 impressi.
2029 3516 2108 3597 ›1‹
2141 3515 2293 3598 Ego
2322 3515 2560 3581 AE’Sel-

499 3619 704 3685 uuold
762 3618 1124 3701 episcopus
1172 3616 1600 3699 consignaui.
1713 3618 1793 3699 ›1‹
1846 3616 1997 3699 Ego
2054 3614 2357 3681 AElfstan
2416 3615 2562 3699 epi-

503 3737 749 3803 scopus
782 3718 1120 3800 adquieui.
1219 3719 1298 3800 ›1‹
1327 3716 1480 3799 Ego
1498 3715 1708 3780 Osulf
1717 3714 2077 3799 episcopus
2108 3714 2563 3780 corroboraui.

508 3822 585 3903 ᾧ
630 3819 784 3902 Ego
826 3816 1086 3883 AElfere
1148 3816 1315 3880 dux.
1451 3816 1528 3897 ᾧ
1591 3814 1742 3896 Ego
1795 3813 2124 3879 AElsheab
2188 3814 2353 3879 dux.
2474 3816 2553 3897 ›1‹

503 3920 652 4003 Ego
681 3917 1100 3982 AE’Geluuine
1131 3916 1297 3984 dux.
1406 3917 1483 3998 ›1‹
1529 3914 1680 3997 Ego
1735 3913 1945 3978 Oslac
1996 3914 2164 3977 dux.
2277 3915 2354 3996 ᾧ
2410 3913 2561 3996 Ego

503 4018 866 4103 Byrhtuoffl
882 4017 1051 4081 duit.
1149 4018 1226 4099 ᾧ
1259 4016 1412 4099 Ego
1433 4013 1772 4097 AEscuuig
1795 4014 2025 4078 abbas.
2139 4014 2218 4095 ›1‹
2256 4012 2407 4094 Ego
2435 4012 2568 4079 Os-

498 4138 624 4201 gar
655 4118 894 4183 abbas.
995 4118 1072 4199 ᾧ
1101 4116 1254 4198 Ego
1284 4114 1586 4179 AElfstan
1616 4113 1851 4179 abbas.
1948 4115 2027 4196 ›1‹
2056 4111 2209 4194 Ego
2235 4110 2569 4195 AEbelgar

499 4220 728 4285 abbas.
841 4219 920 4300 >1⁴
965 4216 1118 4299 Ego
1151 4210 1492 4281 Brihtferb
1525 4213 1852 4279 minister.
1967 4214 2044 4295 ᾧ
2088 4210 2240 4295 Ego
2272 4212 2567 4295 AElfsige

501 4318 831 4383 minister.
975 4318 1054 4399 ›1‹
1121 4315 1274 4398 Ego
1333 4313 1742 4379 AElfuueard
1806 4312 2135 4377 minister.
2274 4315 2353 4396 ›1‹
2414 4312 2569 4395 Ego

507 4417 754 4483 AEBelu
762 4415 970 4481 ueard
1029 4416 1360 4481 minister.
1489 4415 1566 4496 ᾧ
1637 4412 1789 4497 Ego
1851 4411 2177 4479 Uulfstan
2242 4412 2571 4499 minister.

1527 4641 1584 4707 »s
1750 4688 2064 4825 *Nx
