3552 5764
951 604 1293 656 omnus
1340 606 2030 657 Anonosaxomon.
2414 592 2544 657 185

1224 864 1780 933 MGGGXXII.

1229 1014 1526 1095 GNUT,
1570 1016 1764 1082 1035.

712 1164 968 1231 OMNIA
1009 1184 1189 1250 quae
1231 1165 1344 1231 hic
1374 1165 1687 1231 humanis
1724 1166 2249 1233 considerantur
2280 1170 2536 1235 obtuti-

472 1167 671 1425 ἓ
726 1268 880 1344 bus,
908 1273 1051 1331 tam
1086 1268 1461 1350 praeterita
1502 1276 1647 1331 tam
1688 1268 1894 1332 etiam
1939 1268 2332 1351 praesentia
2375 1289 2536 1335 nec·

732 1386 871 1431 uon
924 1365 1178 1445 futura,
1218 1366 1609 1431 festinando
1645 1367 1902 1449 iugiter
1931 1367 2017 1432 de
2063 1368 2177 1432 die
2219 1368 2291 1432 in
2329 1369 2534 1447 diem,

458 1464 605 1529 sine
648 1466 797 1530 ulla
840 1466 1172 1531 dilatione
1218 1466 1569 1532 declinant
1605 1467 1693 1531 ad
1733 1468 2028 1545 ruinam,
2067 1468 2536 1552 rapidissimo-

458 1584 593 1648 que
638 1584 847 1630 cursu
890 1584 1226 1631 annorum
1268 1585 1424 1632 cum
1472 1567 1824 1631 mensibus
1871 1568 2278 1651 temporalia
2319 1568 2536 1653 siqui·

456 1663 611 1729 dem
664 1672 979 1749 tempora
1048 1665 1362 1749 fugitiuis
1423 1667 1850 1731 incessanter
1905 1667 2091 1733 boris
2162 1676 2538 1752 properant

454 1764 541 1829 ad
568 1765 793 1830 finem.
881 1764 1328 1850 Quapropter
1355 1765 1775 1850 dispensanti
1811 1766 2083 1833 domino
2113 1770 2346 1834 omnia
2379 1788 2534 1854 reg—

454 1883 698 1931 norum
740 1872 967 1931 terrae
1015 1885 1251 1949 regna,
1294 1885 1426 1950 ego
1472 1864 1657 1932 Cnut
1704 1886 1830 1931 rex
1880 1865 2293 1952 Anglorum,
2342 1868 2536 1933 solli·

454 1964 594 2029 cita
624 1972 853 2031 mente
882 1966 1250 2049 cogitando
1278 1966 1711 2049 perscrutaui
1737 1966 2170 2050 profuturum
2199 1986 2281 2032 ac
2303 1986 2538 2033 neces-

454 2066 716 2129 sarium
758 2083 933 2143 esse,
969 2084 1126 2131 cum
1160 2066 1268 2130 his
1304 2066 1716 2131 transitoriis
1760 2085 1845 2131 ac
1889 2067 2163 2132 minime
2196 2069 2534 2133 mansuris

456 2164 719 2229 diuitiis
752 2172 1090 2249 perpetua
1116 2173 1326 2249 atque
1354 2166 1611 2249 iugiter
1646 2168 2162 2249 perseuerantia
2189 2168 2537 2232 coelorum

454 2264 763 2348 praemia
790 2264 1243 2348 adquirerem.
1347 2263 1611 2329 Iccirco
1640 2266 1765 2330 tali
1792 2267 2124 2332 memoria
2157 2267 2532 2333 instructus

454 2370 665 2447 atque
686 2383 993 2430 meorum
1012 2365 1253 2450 utique
1268 2371 1778 2430 antecessorum
1799 2368 2161 2431 roboratus
2178 2382 2372 2431 exem
2379 2365 2537 2450 plis,

452 2462 753 2547 aliquam
786 2471 1011 2530 terrae
1042 2472 1333 2549 partem,
1360 2464 1433 2529 id
1466 2472 1573 2529 est
1602 2481 1775 2529 ‚xva
1807 2484 2108 2544 mansas,
2137 2466 2210 2529 in
2235 2466 2388 2532 loco
2416 2468 2538 2551 qui

458 2562 733 2646 uulgari
792 2562 1045 2629 dicitur
1108 2564 1622 2648 Corigescumb,
1685 2565 2179 2631 famosissimae
2236 2566 2538 2632 familiae

456 2664 951 2729 uenerabilium
1020 2662 1308 2729 flatrum
1364 2664 1434 2729 in
1497 2663 1619 2729 illo
1662 2672 1909 2730 sancto
1965 2684 2048 2731 ac
2097 2664 2537 2732 celeberrimo

456 2762 609 2828 loco
634 2762 1187 2829 Scireburnensis
1214 2762 1611 2842 aecclesiae,
1630 2763 1870 2829 libenti
1898 2764 2150 2843 animo,
2169 2764 2298 2831 deo
2318 2767 2537 2830 omni·

456 2864 723 2946 potenti
751 2870 825 2930 et
854 2870 1137 2931 sanctae
1167 2862 1437 2930 Mariae
1463 2881 1735 2948 semper
1766 2864 2080 2946 uirginis,
2109 2863 2308 2929 hilari
2337 2864 2536 2930 uultu

454 2969 820 3047 menteque
852 2965 1232 3049 praeclara,
1264 2965 1567 3030 concedo
1601 2983 1727 3048 pro
1770 2964 2235 3048 redemptione
2269 2961 2536 3029 animae

454 3081 649 3129 meae
682 3071 754 3128 et
786 3065 1145 3129 criminum
1186 3083 1493 3130 meorum
1538 3063 1991 3141 absolutione,
2034 3082 2187 3129 cum
2219 3065 2536 3129 omnibus

462 3163 663 3229 bonis
694 3163 783 3228 ad
827 3183 1137 3229 mensam
1177 3162 1597 3230 coenobialis
1626 3162 1816 3228 uitae
1848 3163 2175 3228 fratribus
2225 3164 2356 3229 deo
2389 3183 2532 3228 ser·

458 3261 801 3328 uientibus
845 3265 1139 3347 largitus
1182 3283 1359 3342 sum,
1406 3263 1729 3346 quatinus
1771 3262 1875 3326 illi
1917 3262 2158 3328 famuli
2195 3262 2306 3328 dei
2349 3263 2534 3347 apud

460 3362 872 3429 altissimum
919 3363 1122 3430 deum
1176 3375 1467 3447 semper·
1495 3363 1790 3427 fundant
1838 3381 2101 3446 preces,
2154 3371 2228 3428 et
2285 3363 2536 3429 cotidie

462 3462 783 3545 flagitant
816 3463 1019 3529 deum
1058 3465 1131 3528 in
1168 3463 1568 3548 psalmodiis
1611 3471 1683 3528 et
1726 3463 2090 3527 missarum
2133 3462 2532 3528 celebratio·

460 3563 686 3640 nibus,
715 3583 843 3647 pro
875 3563 1293 3629 facinoribus
1318 3564 1512 3642 meis,
1542 3569 1623 3626 ut
1646 3569 1810 3647 post
1838 3563 2103 3628 obitum
2143 3581 2370 3627 meum
2415 3581 2538 3646 per

460 3662 995 3729 misericordiam
1070 3662 1181 3729 dei
1252 3669 1324 3728 et
1384 3682 1509 3746 per
1580 3681 1817 3727 eorum
1893 3669 2134 3728 sancta
2208 3661 2538 3744 suffragia

460 3763 716 3846 pomim
762 3763 852 3828 ad
894 3783 1111 3846 regna
1142 3762 1484 3828 coelorum
1523 3761 1904 3846 peruenire.
2007 3762 2098 3826 Et
2139 3762 2202 3826 si
2231 3781 2536 3846 unquam

464 3863 853 3945 contigerit,
885 3864 1071 3948 quod
1102 3863 1308 3941 absit,
1342 3870 1505 3928 ante
1537 3861 1650 3926 uel
1682 3881 1864 3940 sero,
1886 3861 2136 3945 aliquis
2168 3861 2540 3940 hominum,

462 3961 611 4027 siue
641 3963 1003 4047 episcopus
1043 3965 1193 4029 siue
1232 3963 1474 4041 laicus,
1513 3960 1692 4027 hanc
1735 3979 1958 4028 meam
1990 3962 2293 4044 reg-alem
2323 3961 2540 4026 donas

464 4061 718 4128 tionem
746 4069 819 4128 et
846 4062 1283 4130 elemosinam
1315 4061 1685 4147 infringere
1706 4062 1822 4126 uel
1844 4061 2146 4126 minuere
2163 4061 2537 4139 conauerit,

466 4159 869 4250 [alienatus]
902 4163 995 4229 sit
1017 4183 1062 4228 a
1091 4163 1440 4229 consortio
1465 4160 1725 4228 Christi
1754 4160 2129 4226 aecclesiae
2155 4169 2228 4226 et
2245 4160 2538 4242 collegio

464 4263 765 4327 omnium
782 4271 1202 4343 sauctorum,
1220 4271 1292 4328 et
1312 4263 1381 4327 in
1399 4262 1647 4327 inferni
1666 4261 2062 4326 barathrum
2081 4261 2539 4344 demergatur.

464 4361 569 4426 Sit
597 4370 835 4429 autem
868 4364 1391 4448 praenominata
1420 4369 1607 4429 terra
1632 4361 1852 4428 libera
1885 4363 1974 4427 ab
2003 4361 2189 4428 omni
2217 4361 2544 4427 mundiali
