3552 5764
899 621 1242 670 culmus
1287 623 1976 676 Aucmssxomcsn.
2396 616 2485 680 49

379 779 462 860 ›1‹
519 777 676 860 Ego
731 777 996 844 Leofric
1047 781 1378 848 minister.
1489 786 1568 868 ›1‹
1635 785 1791 868 Ego
1847 787 2172 871 Byrhtric
2226 789 2467 854 minis-

375 884 504 942 ter.
581 880 660 962 »Β
705 878 860 963 Ego
895 880 1173 964 Ordgar
1205 882 1536 949 minister.
1613 886 1692 968 »Β
1729 887 1885 970 Ego
1906 887 2119 954 Leofa
2139 890 2471 956 minister.

1127 1180 1744 1250 Mccxxxlx.

1109 1300 1548 1410 EADGAR,
1591 1331 1744 1398 962.

519 1479 596 1560 »Β
675 1476 766 1544 ΙΝ
833 1486 1154 1544 onomate
1205 1479 1428 1544 almae
1491 1488 1562 1544 et
1623 1481 2021 1558 indiuiduae
2097 1483 2466 1549 trinitatis!

388 1576 656 1642 Cuncta
687 1578 1114 1644 saeculorum
1165 1580 1576 1662 patrimonia
1610 1581 1891 1646 incertis
1934 1591 2261 1665 nepotum
2309 1583 2470 1648 hae-

387 1677 662 1744 redibus
707 1677 1208 1761 relinquuntur,
1264 1687 1336 1744 et
1383 1680 1608 1745 omnis
1655 1681 1887 1744 mundi
1944 1683 2168 1764 gloria
2220 1682 2471 1766 adpro-

389 1778 765 1860 pinquante
831 1779 1018 1844 uitae
1065 1779 1270 1844 huius
1326 1780 1619 1845 termino
1669 1780 1757 1844 ad
1810 1781 2135 1846 nichilum
2194 1781 2477 1848 reducta

391 1876 688 1943 fatescit.
793 1876 1064 1944 Idcirco
1115 1880 1404 1944 terrenis
1457 1880 1865 1946 caducarum
1926 1883 2474 1964 possessionibus

391 1996 662 2061 semper
693 1997 1022 2042 mansura
1049 1999 1388 2062 supernae
1438 1981 1703 2063 patriae
1751 1980 2211 2047 emolumenta
2254 1981 2475 2065 adipi—

389 2086 661 2142 scentes
718 2077 997 2143 domino
1055 2079 1530 2163 patrocinante
1607 2081 1934 2146 lucranda
2018 2080 2469 2148 decreuimus.

395 2176 856 2257 Quamobrem
897 2199 1030 2262 ego
1074 2179 1353 2262 Eadgar
1395 2180 1614 2246 tocius
1660 2181 2097 2246 Brittanniae
2145 2181 2472 2260 basileus,

390 2278 720 2344 instinctu
771 2279 882 2343 dei
944 2280 1266 2357 monitus,
1326 2299 1579 2363 magno
1641 2280 1853 2345 animi
1910 2282 2269 2346 conamine
2314 2302 2475 2365 pro-

394 2379 658 2456 cui-aui,
689 2384 768 2443 ut
801 2379 1034 2444 omnia
1065 2381 1448 2464 praesentis
1484 2379 1670 2446 uitae
1703 2381 2062 2446 commoda
2096 2379 2473 2446 Abbendu-

393 2478 586 2542 neusi
624 2481 1062 2557 monasterio,
1105 2479 1288 2563 quod
1331 2500 1465 2563 ego
1507 2481 1839 2546 creatoris
1880 2481 2097 2547 nostri
2129 2483 2475 2547 iuuamine

391 2578 692 2660 regulari
713 2579 900 2643 uitae
929 2581 1338 2657 restauraui,
1360 2600 1483 2663 per
1511 2587 1816 2646 nostram
1843 2580 2231 2663 largifluam
2262 2581 2475 2648 dona-

395 2680 646 2744 tionem
681 2679 932 2744 deuote
962 2679 1396 2764 largirentur.
1475 2680 1678 2745 Unde
1704 2682 1973 2746 uineam
2002 2683 2186 2747 circa
2205 2683 2474 2748 Waecet

389 2779 591 2844 sitam
619 2799 772 2844 cum
809 2779 1244 2858 uinitoribus,
1265 2799 1519 2864 rusque
1547 2781 1678 2846 sibi
1702 2782 2053 2864 pertinens
2086 2782 2231 2846 suis
2266 2802 2471 2866 gyra-

391 2886 536 2944 tum
597 2879 929 2957 terminis,
987 2900 1262 2946 censum
1327 2902 1602 2965 quoque
1657 2881 1889 2964 regale
1930 2880 2019 2947 ad
2068 2884 2467 2948 coenobium

391 2980 774 3063 praefatum
824 3000 949 3065 per
997 2982 1311 3064 singulos
1366 3000 1585 3046 annos
1635 2980 2093 3047 decorandum
2148 2990 2238 3046 aet
2296 2982 2473 3048 Suffl-

391 3080 758 3161 hamtune3
825 3081 1026 3145 unius
1076 3101 1296 3165 aeque
1349 3082 1548 3146 nauis
1607 3081 2055 3164 piscationem
2112 3088 2184 3145 et
2238 3082 2470 3163 regale

397 3179 696 3263 uectigal
755 3187 850 3245 aet
901 3182 1190 3247 Hwitan
1243 3181 1456 3255 Clife3
1505 3180 1789 3245 alterius
1841 3187 2072 3245 autem
2128 3187 2221 3245 aet
2268 3181 2474 3247 Port-

391 3299 650 3345 monna
685 3280 906 3365 hy’6e3
963 3301 1167 3346 unam
1228 3290 1584 3364 capturam
1639 3288 1710 3346 et
1757 3280 2076 3357 salinum,
2127 3301 2471 3365 unamque

389 3388 618 3445 terrae
650 3400 983 3459 mansam,
1011 3388 1082 3447 et
1115 3401 1202 3446 ex
1243 3382 1426 3465 regis
1457 3401 1731 3447 nemore
1759 3388 2089 3465 capturae
2122 3389 2471 3447 restaura-

393 3482 646 3547 tionem
684 3500 862 3563 quae
891 3482 1244 3546 Brunuuic
1278 3502 1419 3547 wer
1450 3489 1906 3565 nuncupatur,
1930 3481 2205 3546 domino
2234 3489 2471 3547 nostro

395 3580 602 3646 Ibesu
657 3580 936 3647 Christo
973 3582 1258 3665 eiusque
1299 3583 1612 3665 genitrici
1663 3582 1951 3657 Mariae,
1993 3582 2095 3665 ad·
2122 3601 2289 3647 usus
2323 3602 2469 3647 mo-

395 3681 766 3747 nachorum
819 3682 990 3746 inibi
1039 3682 1455 3764 degentium,
1500 3683 1588 3747 ob
1643 3682 2017 3748 facinorum
2078 3689 2465 3747 nostrorum

392 3783 660 3845 ueniam
729 3788 804 3847 et
856 3790 1176 3847 aeternae
1251 3780 1694 3847 beatitudinis
1766 3783 2168 3865 praemium,
2234 3782 2469 3847 AEvel-

389 3880 646 3947 uuoldo
675 3882 928 3947 abbate
975 3882 1349 3959 obtinente,
1383 3888 1665 3947 aeterna
1702 3882 1993 3964 largitus
2042 3901 2193 3946 sum
2233 3882 2471 3947 baere-

387 3980 628 4047 ditate.
734 3981 874 4046 His
901 3982 1388 4047 monachorum
1419 3981 1654 4046 cuneis
1681 3982 2133 4047 communiter
2162 3982 2465 4066 locuple·
2574 4010 2583 4018 ·

389 4089 578 4147 tatus
611 4082 812 4147 donis
845 4082 1228 4164 regularem
1273 4080 1657 4165 tripudians
1699 4081 2041 4147 seruando
2085 4082 2467 4149 custodiam

385 4182 458 4247 in
512 4181 789 4247 domiuo
838 4182 1090 4265 iugiter
1133 4182 1282 4248 uoti
1331 4201 1612 4265 compos
1659 4181 2050 4260 hilarescat,
2096 4184 2471 4267 crebraque

383 4281 734 4347 dominum
785 4282 1284 4366 supplicatione
1328 4302 1455 4366 pro
1507 4282 1761 4348 nostris
1816 4283 2299 4349 intercedendo
2352 4304 2469 4348 ex-

383 4384 691 4447 cessibus
745 4384 1014 4448 ueniam
1061 4383 1465 4467 impetrans,
1512 4383 1751 4449 sedulo
1800 4383 2221 4466 deprecetur.
2327 4384 2467 4463 Qui

473 4500 650 4549 Tou.
688 4498 788 4547 vl.
2127 4500 2169 4545 s
