3552 5764
1059 593 1147 661 40
1574 615 1917 664 cluana
1960 613 2646 665 aucmsaxomcu.

1820 869 2379 939 mccxxxv.

1774 981 2217 1102 nimia,
2269 1021 2423 1088 961.

1175 1173 1254 1253 *1⁴
1296 1171 1691 1237 Ummium
1726 1174 1906 1238 sacri
1953 1173 2209 1257 eloquii
2236 1173 2521 1238 oracula
2564 1171 2821 1238 crebris
2873 1191 2999 1236 nos
3036 1171 3143 1238 in·-

1065 1278 1340 1336 struunt
1387 1273 2012 1351 ammonitionibus,
2056 1279 2135 1337 ut
2167 1273 2233 1340 ei
2262 1273 2496 1338 deuoti
2538 1265 2686 1338 toto
2730 1271 3138 1337 famulemur

1062 1371 1310 1436 adnisu
1341 1373 1460 1454 qui
1491 1372 1725 1437 diuino
1756 1374 1984 1438 omnia
2011 1373 2306 1438 fundans
2346 1374 2557 1437 uerbo
2590 1373 3136 1452 microcosmum,

1058 1471 1404 1536 hominem
1479 1472 1764 1550 scilicet,
1837 1472 2283 1556 quadriformi
2335 1472 2749 1557 plasmatum
2821 1473 3134 1550 materia,

1061 1572 1462 1654 omnigenae
1491 1573 1714 1637 tocius
1739 1574 1955 1639 cosmi
1985 1573 2317 1658 praefecit
2346 1580 2726 1638 creaturae.
2818 1570 2890 1636 N
2892 1591 3005 1636 am
3032 1572 3139 1637 di-

1057 1673 1264 1736 uinae
1309 1673 1685 1738 auctoritas
1739 1675 2119 1757 scripturae
2162 1672 2501 1738 multifido
2552 1691 2678 1737 nos
2730 1671 3137 1738 exhortatur

1057 1773 1346 1850 monitu,
1381 1772 1638 1852 dicens,
1674 1779 1695 1808 ‘
1721 1773 1973 1839 Nudus
2004 1792 2323 1857 egressus
2352 1793 2505 1838 sum
2547 1793 2637 1838 ex
2670 1779 2867 1837 utero
2892 1774 3135 1837 matris

1056 1891 1270 1949 meae,
1304 1879 1375 1937 et
1402 1873 1624 1938 nudus
1663 1883 1971 1939 reuertar
2006 1873 2171 1939 illuc
2191 1875 2234 1955 ς’
2282 1881 2353 1939 et
2393 1875 2665 1950 iterum,
2717 1877 2738 1906 ‘
2760 1871 2997 1937 Nichil
3028 1874 3133 1937 in·-

1057 1972 1342 2037 tulimus
1393 1973 1468 2037 in
1519 1974 1700 2040 hunc
1737 1973 2089 2052 mundum,
2130 1993 2371 2039 uerum
2425 1993 2549 2038 nec
2598 1973 2687 2037 ab
2742 1992 2824 2037 eo
2869 1971 3137 2038 auferre

1058 2073 1221 2156 quid
1265 2074 1686 2155 poterimus?
1785 2074 2227 2158 Quapropter
2266 2074 2513 2139 lubrici
2554 2080 2955 2156 potentatus
2997 2092 3137 2138 non

1057 2172 1435 2250 immemor,
1479 2193 1610 2256 ego
1651 2173 1954 2257 Eadgar,
1998 2173 2276 2240 Christo
2318 2173 2709 2239 conferente
2758 2173 2981 2238 tocius
3008 2171 3135 2238 Al-

1059 2271 1278 2337 bionis
1305 2273 1630 2351 basileus,
1663 2275 1860 2357 regni
1890 2273 2171 2356 fastigio
2198 2273 2439 2339 humili
2460 2273 2853 2357 praesidens
2884 2274 3133 2352 animo,

1057 2370 1148 2437 ob
1215 2374 1827 2439 remunerationem
1901 2375 2187 2458 praemii
2268 2374 2569 2452 maioris,
2636 2372 3135 2457 aliquantulam

1059 2471 1238 2536 ruris
1311 2473 1747 2556 particulam,
1818 2475 2321 2558 quinquaginta
2399 2473 2723 2539 uidelicet
2802 2481 3137 2553 cassatos,

1057 2571 1211 2637 loco
1288 2573 1408 2656 qui
1478 2573 1730 2638 celebri
1800 2573 1872 2638 H
1878 2575 2256 2658 ysseburna
2311 2582 2744 2657 nuncupatur
2791 2582 3133 2651 onomate,

1057 2669 1600 2738 Abbandunensi
1633 2673 2007 2739 aecclesiae
2032 2675 2278 2740 beatae
2322 2674 2434 2739 dei
2474 2673 2791 2757 genitrici
2832 2693 3135 2758 semper-

1060 2791 1195 2856 que
1242 2774 1496 2856 uirgini
1552 2773 1824 2839 Mariae
1870 2773 2237 2839 honorifice
2287 2775 2579 2852 dicatae,
2632 2773 2721 2839 ad
2766 2774 3133 2840 monacho·

1059 2893 1212 2937 rum
1233 2892 1399 2939 usus
1421 2873 1588 2939 inibi
1613 2874 2021 2957 regulariter
2042 2874 2433 2959 degentium
2462 2873 2873 2957 dominoque
2897 2882 3135 2941 nostro

1059 2974 1308 3039 deuote
1371 2974 1840 3053 seruientium,
1900 2994 2057 3040 cum
2112 2976 2427 3042 omnibus
2479 2975 2888 3041 utensilibus
2951 2995 3133 3059 quae

1059 3073 1229 3139 deus
1277 3075 1622 3140 coelorum
1664 3076 1736 3139 in
1775 3076 1929 3161 ipsa
1956 3075 2226 3141 telluris
2255 3075 2469 3141 edidit
2502 3076 2885 3159 superficie,
2916 3077 3135 3159 pratis

1058 3175 1400 3254 uidelicet,
1491 3176 1793 3259 pascuiS,
1871 3176 2088 3255 siluis,
2173 3176 2640 3261 siluarumque
2722 3176 3136 3254 nemoribus,

1063 3282 1342 3340 aeterna
1372 3275 1665 3358 largitus
1695 3296 1845 3341 sum
1877 3275 2337 3357 haereditate3
2369 3276 2650 3361 praedia
2671 3277 2913 3359 utique
2942 3292 3135 3344 ,xlm

1061 3394 1240 3457 quae
1290 3375 1769 3440 Uuintoniensi
1824 3375 1960 3441 sita
2015 3385 2176 3441 sunt
2224 3378 2394 3441 urbe
2444 3376 2531 3441 ad
2584 3395 2702 3440 rus
2749 3375 3134 3460 praefatum

1058 3476 1470 3557 pertinentia
1522 3474 1761 3540 eadem
1812 3474 2133 3541 libertate
2182 3476 2532 3560 praefatae
2580 3476 2691 3541 dei
2740 3477 3135 3555 aecclesiae,

1060 3574 1425 3640 admodum
1477 3574 1729 3640 denoto
1778 3575 2241 3641 AE’e'eluuoldo
2276 3577 2624 3642 obtinente
2660 3576 2961 3643 eiusdem
3001 3578 3135 3642 loci

1059 3676 1333 3753 abbate,
1382 3672 1807 3762 plauda[n]t.
1884 3674 1993 3741 Sit
2032 3683 2261 3741 autem
2312 3677 2737 3760 praedictum
2782 3697 2901 3741 rus
2948 3678 3135 3743 omni

1058 3782 1370 3841 terrenae
1413 3776 1765 3841 seruitutis
1820 3776 1981 3858 iugo
2020 3775 2334 3854 liberum,
2364 3779 2584 3842 tribus
2618 3778 2949 3861 exceptis,
2979 3785 3137 3843 rata

1057 3876 1378 3940 uidelicet
1444 3874 1905 3959 expeditione,
1967 3877 2199 3959 pontis
2264 3878 2530 3942 arcisue
2593 3878 3131 3961 recuperatione.

1061 3974 1136 4039 Si
1170 3977 1324 4057 quis
1361 3985 1586 4041 autem
1623 3975 2069 4060 praescriptis
2106 3978 2387 4044 statutis
2428 3977 2725 4043 noluerit
2751 3979 3139 4043 consentire

1059 4084 1183 4139 aut
1211 4075 1507 4154 obedire,
1537 4076 1713 4141 sciat
1745 4095 1823 4141 se
1854 4075 2150 4141 alienum
2187 4096 2338 4143 esse
2384 4096 2429 4141 a
2466 4077 2811 4142 consortio
2854 4085 3137 4144 sanctae

1058 4173 1166 4238 dei
1215 4174 1589 4241 aecclesiae
1621 4185 1694 4241 et
1725 4196 1768 4241 a
1800 4196 2086 4260 corpore
2127 4185 2198 4243 et
2238 4178 2577 4260 sanguine
2617 4177 2877 4244 domini
2920 4179 3139 4244 nostri

1059 4273 1266 4339 Ihesu
1311 4273 1594 4353 Christi,
1644 4296 1765 4359 per
1814 4277 2297 4343 auctoritatem
2347 4279 2531 4343 beati
2590 4276 2785 4343 Petri
2838 4279 3137 4363 apostoli

1011 4376 1532 4458 -sociorumque
1594 4376 1764 4454 eius,
1816 4377 1947 4440 nisi
1998 4378 2190 4461 prius
2245 4378 2357 4443 hic
2406 4378 2619 4462 digna
2672 4379 3137 4445 emendauerit
