3552 5764
1253 621 1648 670 APPnumx.
2364 607 2497 672 239

407 777 948 844 Uuerabreodun
965 799 1121 844 cum
1148 778 1536 856 Peonedoc‚
1560 779 1945 846 Teotintun
1963 801 2120 846 cum
2142 781 2219 847 M
2226 790 2493 865 yttune,

403 879 1002 964 Secgesbearuwe,
1079 887 1152 944 et
1212 880 1284 944 in
1350 888 1584 945 monte
1652 880 2021 960 Wiccisca,
2090 881 2491 958 Noffiwica,

405 979 859 1058 Eowenland,
905 979 1412 1062 Daeiglaesford,
1443 987 1514 1046 et
1539 980 1847 1061 Boreae,
1882 988 1954 1047 et
1996 982 2389 1060 Iccacnmb,
2422 989 2495 1046 et

403 1081 473 1145 in
501 1082 658 1165 ripa
686 1081 937 1148 Sturae
981 1079 1282 1146 fluminis
1313 1081 1852 1164 Scepwaesctun,
1884 1089 1954 1148 et
1982 1083 2076 1146 ibi
2103 1083 2308 1148 iuxta
2338 1101 2491 1146 eam

407 1181 832 1260 Blacwaelle,
876 1189 948 1246 et
985 1181 1058 1245 in
1103 1181 1512 1246 occidentali
1556 1189 1757 1265 parte
1800 1183 2134 1248 Sabrinae
2166 1183 2491 1248 Griman-

405 1281 586 1366 laege
629 1302 788 1348 cum
826 1281 1210 1363 Wittlaege,
1266 1289 1338 1346 et
1383 1280 1830 1360 Gnihtawice,
1875 1291 1947 1349 et
1992 1283 2294 1366 Hallege
2336 1301 2493 1348 cum

408 1383 543 1447 sibi
589 1381 1131 1466 pertinentibus;
1179 1389 1249 1446 et
1281 1381 1446 1447 item
1483 1381 1955 1448 Herefordtun
1993 1383 2195 1448 iuxta
2225 1382 2493 1460 Auene,

409 1503 540 1566 pro
565 1481 977 1567 supplendo,
993 1490 1074 1548 ut
1093 1482 1633 1566 supradiximus,
1659 1485 2074 1564 centuriatu,
2096 1485 2168 1548 id
2190 1492 2300 1549 est
2319 1483 2493 1550 hun-

410 1583 608 1662 dred,
631 1582 766 1648 deo
793 1591 866 1649 et
891 1589 1176 1650 sanctae
1207 1583 1319 1648 dei
1351 1583 1670 1667 genitrici
1705 1583 1999 1663 Mariae,
2028 1584 2119 1649 ad
2148 1604 2319 1649 usus
2350 1603 2497 1648 ser-

412 1703 662 1750 uorum
690 1683 862 1762 eius,
891 1682 1380 1750 monachorum
1405 1684 1692 1762 scilicet,
1723 1683 1977 1750 liberas
2004 1685 2213 1763 dono,
2237 1692 2310 1750 et
2341 1684 2494 1768 qui-

413 1793 568 1850 etes
601 1803 758 1850 esse
781 1784 1134 1869 praecipio
1157 1783 1482 1868 deinceps
1509 1792 1582 1849 et
1610 1785 1682 1848 in
1714 1791 1999 1868 perpetu
2008 1804 2122 1849 um
2155 1785 2246 1850 ab
2275 1785 2499 1851 omni-

417 1886 546 1950 bus
593 1885 1054 1950 saecularium
1093 1904 1322 1950 rerum
1371 1885 1718 1963 oneribus,
1752 1885 1943 1950 duris
1993 1893 2065 1950 et
2092 1886 2388 1963 leuibus,
2422 1892 2496 1950 et

417 1987 510 2050 ab
535 1987 725 2051 omni
752 1985 1089 2050 seruitute
1119 1992 1192 2050 et
1218 1985 1698 2050 exactionibus
1733 1985 2108 2064 fiscalibus,
2128 1986 2400 2068 magnis
2428 1992 2501 2050 et

419 2085 733 2163 modicis,
765 2087 950 2152 notis
1001 2093 1074 2150 et
1101 2085 1384 2169 ignotis,
1413 2092 1558 2150 tam
1593 2085 1779 2169 regis
1826 2105 2033 2168 quam
2064 2086 2391 2170 principis
2428 2093 2502 2151 et

422 2186 891 2252 ministrorum
938 2192 1152 2268 atque
1177 2193 1584 2251 exactorum
1626 2205 1888 2264 eorum,
1920 2187 2231 2272 exceptis
2272 2186 2505 2270 pontis

423 2295 496 2353 et
527 2287 709 2351 arcis
759 2284 1272 2352 constructione
1319 2294 1390 2351 et
1428 2286 1869 2369 expeditione
1922 2295 2167 2352 contra
2211 2287 2503 2352 hostem.

427 2387 848 2471 Habeatque
883 2386 1244 2453 Winsinus
1293 2386 1710 2452 reuerendus
1748 2387 2071 2452 sacerdos
2118 2407 2323 2471 quem
2355 2387 2507 2471 ipse

425 2488 792 2572 episcopus
841 2485 1236 2564 oswaldus,
1277 2506 1388 2552 me
1427 2485 1705 2552 fauente
1755 2494 1830 2553 et
1865 2489 2351 2553 auctoritatem
2394 2507 2504 2552 re-

427 2589 614 2672 giam
647 2593 1066 2671 praestante,
1100 2587 1172 2652 in
1215 2586 1380 2652 sede
1414 2587 1793 2670 episcopali
1822 2589 2176 2654 monachis
2215 2608 2505 2674 praepo-

426 2689 590 2766 suit,
619 2686 927 2771 quandin
953 2688 1102 2771 ipse
1134 2687 1414 2766 uixerit,
1445 2707 1819 2773 omnesque
1846 2695 2007 2772 post
2034 2708 2193 2754 eum
2222 2690 2331 2754 sui
2360 2709 2511 2754 suc-

433 2807 742 2856 cessores
796 2788 920 2873 qui
965 2786 1186 2853 eidem
1230 2787 1748 2872 congregationi
1804 2790 2181 2873 praepositi
2230 2789 2510 2868 fuerint,

429 2892 655 2975 ipsum
679 2888 986 2955 hundred
1013 2908 1174 2954 cum
1194 2890 1510 2955 omnibus
1539 2889 1810 2968 debitis,
1837 2908 2017 2972 quae
2050 2910 2175 2955 rex
2205 2898 2412 2955 antea
2440 2891 2513 2954 in

434 3010 516 3056 eo
541 2990 809 3067 habuit,
828 2990 1028 3055 etius
1056 2997 1128 3055 et
1143 2996 1560 3073 potestatem
1589 2988 1961 3055 earundem
1981 2989 2513 3073 possessionum,

437 3110 594 3156 cnm
625 3088 794 3155 tolle
826 3097 900 3156 et
931 3096 1180 3169 teame,
1209 3108 1378 3155 saca
1404 3097 1478 3155 et
1503 3108 1735 3168 socne,
1765 3096 1837 3155 et
1864 3088 2413 3172 infangenesseof,
2443 3099 2514 3156 et

439 3192 698 3275 proprii
725 3190 898 3255 iuris
918 3189 1226 3255 debitum
1249 3190 1839 3273 transgressionis,
1862 3197 1935 3255 et
1958 3209 2252 3274 poenam
2284 3189 2515 3255 delicti

439 3310 618 3375 quae
669 3290 966 3374 Anglice
1008 3291 1262 3357 dicitur
1302 3290 1837 3369 ofersaewnesse‚
1872 3298 1943 3356 et
1986 3291 2345 3375 gyltwyte,
2390 3310 2517 3357 nec

439 3392 531 3457 sit
559 3392 666 3457 sas
697 3399 821 3457 aut
853 3398 1163 3474 potestas
1197 3391 1518 3476 cuiquam
1553 3391 2100 3475 praepositorum
2142 3412 2263 3457 seu
2310 3411 2519 3457 exac-

445 3502 670 3558 torum
705 3492 818 3557 uel
847 3492 1316 3558 ministrorum
1345 3510 1676 3569 meorum,
1699 3511 1827 3557 nec
1855 3492 2061 3557 alicui
2088 3493 2379 3577 principi
2406 3493 2522 3557 uel

446 3612 535 3659 ex
567 3592 1075 3658 succedentium
1121 3611 1406 3657 numero
1447 3592 1788 3676 pontifici,
1813 3592 1991 3657 hanc
2024 3612 2219 3658 meae
2250 3593 2521 3657 munifi-

447 3694 714 3758 centiae
741 3694 1129 3758 libertatem
1161 3701 1232 3758 et
1265 3693 1728 3759 concessionis
1761 3692 2151 3758 firmitatem
2186 3694 2258 3757 in
2290 3693 2524 3775 aliquo

449 3794 780 3871 minuere,
813 3792 926 3859 uel
955 3793 1348 3875 infringere,
1381 3794 1494 3857 uel
1525 3812 1805 3877 quoquo
1847 3792 2051 3859 modo
2094 3800 2363 3859 mutare
2403 3802 2527 3859 aut

449 3893 846 3977 peruadere,
881 3902 1006 3959 aut
1033 3913 1445 3977 quocunque
1475 3894 1753 3977 ingenio
1788 3894 1979 3979 ipsos
2022 3893 2391 3959 monachos
2419 3894 2532 3959 dei

449 4014 689 4059 seruos
733 3994 1182 4079 inquietando
1225 3995 1652 4078 perturbare,
1693 4002 1772 4059 ut
1818 3994 2053 4078 aliqua
2097 3994 2530 4059 fraudulenta

453 4095 814 4161 occasione
873 4096 1124 4160 iterum
1184 4096 1256 4159 in
1318 4094 1720 4160 clericorum
1775 4102 1901 4159 aut
1954 4094 2171 4177 ipsius
2224 4096 2531 4178 episcopi

454 4194 806 4281 proprium
837 4203 1192 4261 transeant
1225 4195 1359 4272 ius,
1395 4196 1484 4260 ab
1517 4196 1823 4279 ipsorum
1869 4202 2213 4278 potestate
2242 4214 2531 4278 quorum

453 4297 608 4361 usui
650 4294 788 4363 ista
827 4298 1136 4361 concessi
1179 4304 1252 4361 et
1285 4293 1563 4361 donaui.
1657 4293 1944 4360 Pronidi
1977 4295 2186 4360 etiam
2221 4296 2533 4362 cautelae

453 4397 684 4463 studio
733 4405 813 4462 ut
856 4396 1024 4461 haec
1073 4398 1358 4463 libertas
1409 4396 1670 4462 firmins
1725 4396 1825 4461 eis
1866 4404 2105 4480 posset
2140 4398 2536 4481 perdurare,
