3552 5764
883 645 1223 695 cusu-ru
1268 647 1505 695 Auem
1515 646 1942 698 sAxochs.
2338 634 2466 699 179

378 802 783 869 beneficium
812 813 889 869 et
928 806 1383 871 reuerentiam
1418 808 1635 873 nostri
1678 806 2100 875 dilectissimi
2145 808 2460 873 monachi

381 905 655 969 nomine
672 904 916 983 Euich,
934 906 1307 973 aecclesiae
1327 908 1571 972 beatae
1590 907 1859 973 Mariae
1876 908 2164 990 uirginis
2182 916 2253 973 et
2272 909 2458 974 beati

380 1002 655 1086 ngini
700 1005 773 1069 in
824 1006 1213 1071 Eouesham
1266 1012 1455 1072 11110‘.
1508 1027 1788 1073 mansas
1839 1009 1912 1071 in
1961 1007 2220 1073 Badebi
2271 1017 2342 1073 et
2379 1010 2453 1074 in

382 1102 808 1182 Newaeham‚
856 1106 931 1169 in
983 1113 1263 1171 aeterna
1311 1107 1745 1172 concedimus
1787 1107 2230 1185 haereditate,
2281 1127 2454 1190 qua·

376 1204 563 1267 tinus
613 1204 966 1287 praedicta
1006 1206 1341 1271 aecclesia
1388 1206 1461 1270 in
1507 1213 1860 1272 aeternum
1909 1207 2258 1289 possideat
2298 1226 2452 1272 cum

377 1303 694 1368 omnibus
713 1304 1119 1371 utensilibus
1147 1305 1313 1383 suis,
1335 1306 1619 1390 campis,
1648 1308 1946 1391 pascuis,
1968 1307 2211 1391 pratis,
2233 1307 2454 1385 siluis,

377 1402 845 1486 deriuatisque
882 1424 1218 1490 aquarum
1268 1407 1599 1471 cursibus.
1702 1405 1905 1472 Istud
1953 1426 2119 1489 ergo
2173 1407 2450 1485 donum,

377 1510 455 1567 ut
482 1504 621 1569 iam
652 1504 1152 1587 praedixeram,
1186 1512 1465 1571 maneat
1513 1507 1603 1571 ab
1650 1506 1834 1571 omni
1877 1507 2166 1572 seruitio
2210 1524 2449 1573 saecu-

373 1602 503 1667 lari
532 1602 845 1681 liberum,
874 1612 1149 1689 praeter
1187 1606 1373 1671 arcis.
1415 1606 1782 1683 munimen,
1825 1614 1896 1671 et
1929 1608 2158 1689 pontis
2191 1606 2451 1671 reaedi-

373 1702 783 1781 ficationem,
832 1712 902 1769 et
960 1704 1488 1789 expeditionem.
1617 1703 2090 1790 Praecipimus
2143 1724 2309 1771 uero
2373 1706 2446 1771 in

312 1818 327 1828 ·
374 1802 644 1867 nomine
671 1802 1037 1869 saluatoris
1069 1814 1152 1871 ut
1202 1806 1263 1870 si
1307 1805 1379 1870 in
1432 1805 1866 1889 postmodum
1917 1806 2228 1888 quisquis
2271 1806 2446 1871 alios

372 1901 643 1967 libellos
694 1901 1078 1986 protulerit,
1125 1904 1335 1973 nichil
1382 1904 1656 1971 omnino
1707 1912 1950 1971 contra
1995 1906 2204 1970 istum
2247 1924 2443 1989 prae·

354 2002 679 2095 lualmnt,
706 2003 829 2068 sed
876 1998 1017 2069 sint
1060 2004 1540 2088 condempnati
1587 2013 1658 2070 et
1702 2004 2213 2071 anatematizati
2254 2013 2327 2070 et
2354 2006 2442 2071 ad

348 2101 698 2167 'nichilum
730 2103 1015 2182 redacti,
1044 2113 1119 2170 et
1147 2104 1278 2169 iste
1304 2122 1575 2187 semper
1598 2104 1836 2169 firmus
1865 2104 2268 2187 stabilisque
2296 2125 2446 2189 per-

368 2210 671 2281 maneat,
700 2201 789 2267 ad
820 2204 1187 2269 utilitatem
1217 2223 1292 2269 se
1320 2203 1757 2287 possidentis.
1861 2204 1937 2269 Si
1987 2204 2144 2287 quis
2187 2212 2441 2283 autem,

370 2302 576 2369 taetri
600 2301 953 2371 daemonis
978 2303 1163 2369 fastu
1188 2304 1578 2382 instinctus,
1604 2304 1732 2369 hoc
1761 2311 2072 2369 nostrum
2097 2304 2444 2369 decretum

364 2401 737 2485 infringere
780 2403 1103 2482 uoluerit,
1144 2406 1237 2469 sit
1277 2405 1429 2489 ipsc
1479 2424 1524 2468 a
1571 2412 1855 2469 sanctae
1905 2404 2016 2469 dei
2069 2404 2442 2470 aecclesiae

362 2503 713 2567 consortio
763 2512 1149 2587 separatus,
1178 2512 1251 2569 et
1295 2503 1739 2569 infernalibus
1785 2504 2220 2570 aeternaliter
2249 2504 2444 2569 fiam-

364 2602 495 2666 mis
530 2620 687 2666 cum
743 2602 923 2667 Iuda
968 2602 1228 2669 Christi
1278 2602 1628 2688 proditore
1672 2603 2100 2681 cruciandus,
2148 2604 2278 2668 nisi
2327 2603 2440 2669 hic

362 2703 555 2785 prius
592 2701 806 2785 digna
836 2704 1305 2769 satisfactione
1337 2704 1752 2787 poenituerit
1783 2702 1968 2787 quod
2010 2711 2254 2768 contra
2281 2722 2440 2767 nos-

362 2810 547 2868 trum
604 2804 955 2869 decretum
1003 2803 1328 2889 deliquid.
1459 2801 1644 2869 Acta
1695 2809 1862 2868 sunt
1910 2803 2080 2867 haec
2125 2822 2307 2868 anno
2351 2804 2440 2868 ab

360 2901 835 2972 incarnatione
851 2903 1106 2969 domini
1130 2909 1398 2969 .M.xx⁰.
1425 2903 1531 2968 bis
1553 2903 1844 2969 testibus
1861 2904 2440 2968 consentientibus

362 3024 654 3087 quorum
685 3002 795 3068 hic
820 3003 1103 3070 inferius
1136 3004 1415 3070 nomina
1440 3004 1759 3068 caraxari
1787 3003 2125 3067 uidentur.

461 3106 619 3189 Ego
672 3105 857 3170 Cnut
916 3105 1129 3170 totius
1188 3103 1585 3168 Britanniae
1632 3121 1996 3168 monarcus
2051 3120 2246 3167 meae
2303 3100 2440 3166 lar·

360 3207 601 3290 gitatis
682 3205 935 3269 donum
1013 3204 1213 3286 agiae
1278 3203 1499 3268 crucis
1582 3202 1661 3285 4
1726 3209 2032 3267 taumate
2101 3202 2441 3267 roboraui.

373 3308 452 3388 4
511 3305 665 3388 Ego
708 3303 1019 3386 AElsgiua
1064 3302 1303 3386 regina
1368 3301 1815 3367 stabilitatem
1862 3301 2235 3367 testimonii
2281 3321 2438 3366 con-

365 3405 657 3470 firmaui.
763 3402 842 3485 4
876 3403 1028 3485 Ege
1078 3402 1427 3470 AE’selno’z
1472 3402 2014 3470 Dorobernensis
2063 3401 2437 3467 aecclesiae

361 3503 829 3589 archipraesul
861 3503 1203 3587 adquieui.
1312 3503 1391 3586 4
1439 3502 1594 3585 Ego
1628 3502 1954 3569 Wulstan
1983 3501 2435 3567 Eboraeensis

366 3605 737 3670 aecclesiae
788 3601 1253 3685 archipraesul
1303 3603 1728 3684 consignaui.
1852 3604 1931 3684 4
1988 3602 2140 3684 Ego
2194 3600 2438 3666 AEvel-

360 3706 541 3770 ricus
583 3705 949 3788 episcopus
998 3703 1071 3767 in
1106 3702 1377 3768 nomine
1403 3701 1774 3768 saluatoris
1799 3702 2079 3767 iubente
2111 3719 2274 3783 reg-e
2305 3701 2434 3765 suh

356 3804 751 3872 testimonio
803 3803 1209 3886 optimatum
1250 3801 1430 3867 hanc
1467 3801 1817 3868 scedulam
1859 3799 2236 3866 dictitando
2281 3817 2436 3884 per-

356 3905 653 3970 scribere
682 3904 873 3968 inssi.
982 3904 1065 3986 4
1114 3902 1267 3985 Ego
1307 3901 1643 3966 Godwine
1685 3902 2047 3985 episcopus
2089 3900 2432 3983 adquieui.

364 4006 447 4088 4
516 4004 673 4087 Ego
735 4000 1115 4068 Brihtwold
1184 4003 1549 4086 episcopus
1606 4001 2002 4084 subscripsi.
2136 4001 2215 4081 4
2280 4000 2436 4083 Ego

356 4105 660 4188 AElfsige
705 4104 1071 4188 episcopus
1118 4102 1515 4186 astipulaui.
1622 4102 1709 4187 4
1746 4101 1902 4183 Ego
1945 4099 2261 4182 Leofsige
2289 4101 2436 4183 epis

352 4223 610 4290 scopus
646 4199 1092 4270 consolidaui.
1203 4204 1282 4284 »14
1332 4201 1485 4285 Ego
1533 4201 1800 4267 AElmer
1841 4201 2204 4284 episcopus
2243 4201 2436 4265 testi-

354 4305 585 4372 ficaui.
716 4304 799 4386 4
842 4303 993 4386 Ego
1054 4303 1528 4386 AElieUJwyne
1593 4303 1956 4386 episcopus
2020 4319 2156 4366 non
2219 4301 2434 4368 renui.

360 4409 445 4491 4
483 4405 641 4490 Ego
680 4402 1018 4470 Godwine
1046 4404 1215 4468 dux.
1326 4405 1407 4485 4
1452 4403 1604 4485 Ego
1652 4401 1828 4468 Yric
1875 4401 2042 4466 dux.
2155 4402 2234 4482 4
2283 4401 2435 4483 Ego

2093 4509 2124 4544 n
2148 4500 2180 4544 2
