3552 5764
1005 604 1352 654 omnus
1395 605 2083 658 AnonosAxochs.
2566 593 2611 656 ’7

483 757 662 822 tatis
705 758 1042 841 glorietur
1073 763 1460 848 priuilegio.
1563 764 1672 830 Sit
1704 771 1936 830 autem
1982 766 2368 848 praefatum
2418 787 2606 833 mon-

485 859 828 926 asterium
862 864 1050 928 omni
1095 874 1414 930 terrenae
1455 865 1813 932 seruitutis
1860 865 2099 931 eodem
2150 873 2389 934 tenore
2432 869 2605 933 libe-

481 977 674 1036 rum,
704 980 846 1044 quo
874 982 919 1028 a
955 965 1514 1048 praecessoribus
1559 967 1817 1031 nostris
1860 965 2236 1046 catholicis,
2275 987 2318 1034 a
2360 977 2604 1034 sancto

489 1057 758 1140 Leone,
814 1062 1163 1145 uidelicet,
1231 1085 1419 1150 papa
1476 1076 1548 1132 et
1610 1065 1945 1132 Coenulso
2006 1087 2169 1151 rege
2236 1068 2603 1148 catholico,

483 1165 772 1227 uetusto
803 1165 1198 1231 continetur
1221 1167 1612 1251 priuilegio,
1644 1166 1941 1232 Reb'uno
1970 1168 2221 1233 abbate
2249 1171 2603 1252 optinente

487 1260 838 1345 solutum3
902 1267 1058 1348 agri
1105 1267 1422 1352 equidem
1492 1264 1680 1354 [qui]
1745 1267 1836 1333 ad
1889 1287 2059 1333 usus
2112 1268 2601 1335 monachorum

489 1359 771 1428 domino
821 1373 1062 1432 nostro
1092 1366 1305 1433 Ihesu
1335 1366 1612 1433 Christo
1649 1369 1936 1452 eiusque
1980 1368 2299 1451 genitrici
2329 1369 2599 1437 Mariae

492 1462 738 1546 priscis
769 1465 1255 1552 modernisque
1305 1468 1730 1553 temporibus
1761 1488 1807 1533 a
1834 1468 2113 1550 regibus
2156 1475 2228 1534 et
2261 1469 2601 1552 religiosis

495 1565 856 1650 uti-iusque
885 1587 1100 1632 sexus
1126 1567 1534 1647 hominibus
1559 1575 1631 1634 et
1663 1589 1706 1634 a
1735 1569 2003 1653 meipso
2024 1588 2316 1653 meoque
2344 1578 2599 1654 patruo

495 1663 816 1732 Eadredo
877 1687 1042 1750 rege
1105 1668 1533 1748 fidelissimo,
1590 1667 2018 1735 restituendo
2079 1671 2227 1736 iure
2290 1674 2600 1738 concessi

493 1773 684 1841 sunt,
715 1767 1024 1834 eiusdem
1057 1769 1554 1854 perpetualiter
1587 1769 1730 1834 sint
1768 1769 2137 1836 libertatis.
2244 1769 2431 1835 Nam
2468 1792 2594 1838 rex

491 1867 849 1948 praefatus
893 1889 1016 1934 rus
1052 1870 1240 1954 quod
1291 1867 1690 1936 Abbandun
1741 1877 2203 1952 nuncupatur,
2237 1871 2424 1953 quod
2468 1892 2594 1938 rex

493 1964 927 2034 Ceaduualla
977 1969 1255 2036 domino
1309 1976 1548 2036 nostro
1591 1970 1877 2052 eiusque
1938 1969 2258 2052 genitrici
2318 1971 2595 2038 Mariae

491 2067 736 2149 priscis
785 2071 1209 2154 temporibus
1253 2070 1506 2137 devoto
1557 2076 1997 2136 concesserat
2038 2070 2293 2150 animo,
2338 2071 2411 2135 in
2457 2092 2595 2156 quo

489 2169 1056 2250 praedecessores
1099 2173 1318 2238 nostri
1357 2170 1699 2237 diabolica
1739 2171 2013 2255 decepti
2061 2170 2359 2236 auaritia
2403 2173 2593 2238 aedi·-

489 2267 721 2333 ficium
755 2270 990 2354 regale
1021 2272 1156 2337 sibi
1182 2273 1437 2337 iniuste
1471 2278 2032 2349 construxerant,
2068 2271 2442 2337 aecclesiae
2481 2273 2593 2339 dei

491 2371 860 2436 restituens
900 2371 1264 2440 interdixit
1299 2380 1382 2438 ut
1423 2392 1664 2456 regum
1707 2391 1909 2437 nemo
1950 2372 2123 2436 inibi
2166 2380 2442 2456 pastum
2488 2393 2594 2439 re·

489 2471 792 2552 quireret
833 2492 962 2538 nec
1003 2472 1393 2538 aedificium
1444 2474 1518 2539 in
1579 2473 2069 2556 sempiternum
2143 2480 2592 2539 construeret.

489 2569 696 2650 Quod
771 2591 904 2656 ego
973 2572 1258 2656 Eadgar
1329 2571 1718 2657 Anglorum
1789 2571 2114 2651 basileus,
2176 2573 2589 2656 optimatum

487 2689 800 2738 meorum
847 2691 1016 2738 usus
1065 2673 1380 2754 consilio,
1429 2680 1574 2739 tam
1619 2675 1793 2740 meis
1846 2692 2051 2758 quam
2091 2692 2393 2738 meorum
2434 2694 2591 2740 suc-

485 2789 836 2838 cessorum
865 2775 1293 2858 temporibus
1331 2773 1552 2840 fixum
1579 2775 1654 2839 in
1698 2774 1975 2839 nomine
2002 2773 2223 2858 patris
2251 2782 2323 2839 et
2364 2773 2489 2838 filii
2519 2784 2591 2842 et

485 2871 770 2957 spiritus
813 2875 1037 2941 sancti
1068 2875 1216 2941 fieri
1259 2874 1331 2939 in
1369 2884 1726 2941 aeternum
1765 2874 2139 2960 praecipio.
2244 2872 2588 2959 Tempore

485 2974 828 3057 siquidem
869 2995 1010 3059 quo
1051 2995 1218 3042 rura
1269 2996 1449 3059 quae
1475 2976 1755 3041 domino
1790 2976 2044 3041 deuote
2073 2994 2401 3040 concessa
2426 2983 2592 3041 sunt

485 3074 718 3141 animo
767 3076 1020 3142 iniuste
1069 3097 1114 3142 a
1163 3084 1409 3144 sancta
1458 3077 1570 3141 dei
1620 3075 1959 3140 aecclesia
2006 3075 2244 3140 ablata
2292 3075 2589 3155 fuerant,

485 3176 730 3258 perfidi
777 3178 1035 3260 quique
1086 3196 1307 3243 nouas
1371 3178 1504 3243 sibi
1554 3174 2051 3241 haereditarias
2098 3172 2339 3240 kartas
2384 3194 2585 3240 usur-

483 3284 730 3359 pantes
791 3277 1191 3359 ediderunt3
1253 3277 1375 3342 sed
1433 3278 1507 3342 in
1559 3276 1779 3361 patris
1846 3283 1921 3340 et
1980 3274 2103 3339 filii
2164 3282 2235 3339 et
2300 3275 2585 3360 spiritus

483 3380 710 3443 sancti
787 3379 1062 3443 nomine
1132 3379 1592 3463 praecipimus
1659 3384 1739 3443 ut
1815 3375 2312 3441 catholicorum
2384 3396 2586 3443 nemo

483 3478 762 3543 easdem
821 3480 1132 3563 recipiat,
1193 3478 1316 3544 sed
1373 3499 1420 3543 a
1477 3478 1745 3543 cunctis
1802 3477 2207 3561 repudiatae
2266 3476 2583 3543 fidelibus

483 3579 554 3642 in
630 3578 1073 3645 anathemate
1147 3579 1588 3663 deputentur,
1668 3578 1888 3643 ueteri
1974 3578 2231 3659 iugiter
2302 3578 2585 3660 uigente

487 3680 868 3762 priuilegio.
957 3680 1034 3745 Si
1070 3681 1228 3764 quis
1269 3700 1440 3745 uero
1483 3686 1629 3745 tam
1680 3678 2181 3763 epilempticus,
2229 3677 2581 3763 philargy-

485 3780 630 3843 riae
676 3780 1002 3846 seductus
1053 3781 1374 3861 amentia,
1409 3781 1594 3864 quod
1635 3798 1776 3844 non
1826 3786 2172 3863 optamus,
2201 3778 2379 3843 hanc
2425 3797 2581 3843 nos-

485 3884 636 3944 trae
661 3880 1164 3946 munificentiae
1191 3880 1654 3965 dapsilitatem
1698 3898 1876 3945 ausu
1902 3879 2265 3944 temerario
2292 3876 2582 3962 infring-

482 3999 604 4044 ere
649 3982 1113 4066 temptauerit,
1141 3982 1235 4047 sit
1259 3984 1410 4066 ipse
1454 3980 1794 4046 alienatus
1832 3999 1877 4045 a
1918 3978 2263 4045 consortio
2296 3988 2583 4046 sanctae

483 4080 596 4145 dei
633 4083 1033 4160 aecclesiae,
1079 4101 1345 4148 necnon
1387 4089 1460 4146 et
1503 4101 1547 4146 a
1589 4079 2115 4164 participatione
2161 4082 2583 4147 sacrosancti

479 4184 786 4266 corporis
830 4190 902 4249 et
946 4183 1306 4266 sanguinis
1336 4181 1548 4247 Ihesu
1580 4180 1838 4246 Christi
1882 4178 2007 4245 filii
2046 4178 2182 4257 dei,
2211 4200 2336 4264 per
2376 4200 2581 4265 quem

479 4290 670 4349 totus
703 4291 1044 4350 terrarum
1095 4285 1282 4349 orbis
1330 4285 1420 4349 ab
1473 4282 1758 4367 antiquo
1804 4280 2084 4346 humani
2132 4282 2404 4364 generis
2450 4282 2582 4347 ini-

478 4384 658 4453 mico
709 4384 1048 4451 liberatus
1106 4393 1254 4461 est;
1332 4391 1402 4450 et
1470 4404 1626 4449 cum
1683 4382 1867 4449 Iuda
1918 4381 2181 4447 Christi
2235 4381 2585 4466 proditore
