3552 5764
943 581 1282 630 annrAn
1324 581 2013 631 Aucmsaxomcsn.
2425 561 2513 628 89

431 739 586 822 Ego
687 734 1102 801 AEveluuine
1177 735 1343 801 dux.
1485 738 1565 819 4
1651 738 1803 821 Ego
1894 735 2245 822 Bryhtnoss
2340 737 2506 802 dux.

442 841 518 921 4
590 837 750 920 Ego
794 833 1156 920 Bryhtfeffl
1199 835 1525 901 minister.
1663 839 1742 920 4
1799 837 1950 920 Ego
1994 837 2347 902 AElfuuine
2391 835 2513 900 mi-

429 938 666 1003 nister.
780 937 859 1018 4
895 935 1048 1016 Ego
1084 933 1538 1000 AEsseluueard
1571 938 1899 1002 minister.
2012 939 2088 1019 4
2127 937 2277 1020 Ego
2311 936 2513 1002 Uuls-

431 1047 592 1117 stan
665 1035 996 1100 minister.
1138 1035 1217 1117 4
1267 1035 1419 1118 Ego
1494 1034 1701 1099 Osulf
1757 1036 2085 1101 minister.
2227 1039 2306 1118 4
2361 1036 2513 1116 Ego

437 1136 799 1203 Osuueard
829 1133 1155 1198 minister.
1253 1135 1332 1216 4
1375 1132 1526 1217 Ego
1557 1134 1963 1199 AElfuueard
1992 1135 2317 1200 minister.
2426 1134 2505 1216 4

437 1237 588 1319 Ego
659 1234 958 1316 AElfsige
1033 1233 1363 1298 minister.
1491 1235 1570 1316 4
1625 1235 1779 1318 Ego
1866 1234 2113 1300 Osset-'6
2186 1235 2513 1298 minister.
2656 1235 2662 1242 '

445 1337 526 1418 4
579 1335 735 1417 Ego
795 1331 1250 1399 AEsseluueard
1311 1332 1637 1398 minister.
1749 1336 1829 1417 4
1876 1334 2027 1417 Ego
2089 1333 2335 1399 AElfric
2394 1333 2518 1397 mi-

437 1437 673 1500 nister.
771 1435 850 1516 4
881 1433 1032 1516 Ego
1058 1431 1411 1497 AElfuuold
1437 1433 1764 1499 minister.
1860 1434 1947 1520 4
1978 1433 2125 1516 Ego
2158 1431 2516 1515 AE'selsige

435 1533 766 1600 minister.
859 1531 945 1617 4
979 1531 1132 1616 Ego
1175 1530 1518 1596 AEiielferss
1571 1532 1901 1598 minister.
2011 1535 2090 1616 4
2131 1533 2285 1616 Ego
2337 1532 2520 1596 AElf-

439 1633 648 1699 uuold
711 1633 1039 1697 minister.
1132 1631 1219 1717 4
1271 1631 1424 1715 Ego
1481 1631 1732 1697 Eadric
1790 1632 2121 1698 minister.
2227 1631 2313 1717 4
2362 1631 2515 1712 Ego

443 1732 764 1814 Uult'sige
819 1732 1148 1797 minister.
1267 1733 1346 1815 4
1391 1732 1542 1815 Ego
1596 1729 1905 1797 Uulsnols
1957 1731 2287 1797 minister.
2428 1731 2507 1812 4

441 1832 596 1917 Ego
629 1831 928 1915 AElfsige
957 1831 1288 1897 minister.
1398 1831 1477 1913 4
1519 1830 1671 1915 Ego
1707 1831 1953 1898 AElfric
1980 1831 2310 1897 minister.

1239 2125 1730 2194 Mccnxlv.

1163 2237 1597 2356 ΕᾸΒΕᾸΒ,
1640 2277 1794 2344 968.

555 2431 634 2512 4
681 2427 1088 2493 Rncrum'rn
1137 2424 1209 2489 in
1253 2431 1658 2509 perpetuum
1711 2425 1988 2492 domino
2026 2435 2261 2494 nostro
2308 2428 2515 2496 Ihesu

451 2529 766 2596 Christo!
870 2524 1156 2591 Cunctis
1211 2545 1659 2609 supernorum
1711 2535 2137 2593 sacramenta
2185 2530 2513 2596 donorum

447 2629 734 2696 coelitus
775 2625 1358 2709 perscrutantibus
1405 2632 1643 2690 notum
1695 2635 1826 2705 est,
1872 2628 2055 2711 quod
2102 2649 2241 2694 non
2288 2630 2513 2695 solum

449 2728 650 2794 huius
726 2725 960 2790 mundi
1041 2731 1266 2790 status
1349 2725 1612 2808 antiqui
1693 2726 1910 2792 hostis
1986 2727 2225 2794 fraude
2305 2736 2514 2814 atque

451 2827 796 2896 molimine
862 2822 1235 2891 deficiendo
1303 2826 1783 2909 corrumpitur,
1853 2846 2091 2892 uerum
2163 2828 2368 2894 etiam
2440 2831 2516 2893 in

446 2926 828 3015 praesentis
867 2926 1054 2990 uitae
1095 2943 1318 3008 prope
1347 2933 1815 2991 consummato
1852 2925 2191 2993 curriculo
2218 2928 2517 2993 humana

449 3026 870 3115 prosperitas
893 3024 1286 3107 iniquorum
1319 3024 1668 3089 hominum
1709 3025 1853 3089 acri
1891 3026 2264 3091 intentione
2294 3033 2365 3091 et
2394 3046 2516 3091 an-

448 3148 616 3213 gore
676 3124 1187 3206 constringitur.
1292 3123 1496 3190 Nunc
1543 3143 1730 3207 ergo,
1776 3124 1940 3188 dum
1994 3125 2191 3189 nobis
2242 3135 2511 3209 tempus

451 3237 556 3295 est
592 3226 860 3301 neniae,
896 3223 1296 3289 festinemus
1323 3222 1646 3307 laqueum
1691 3223 1854 3289 totis
1896 3223 2155 3289 nisibus
2203 3226 2509 3291 deuitare

448 3328 714 3404 mortiS‚
741 3324 1038 3408 dumque
1086 3323 1358 3389 carnale
1397 3324 1822 3407 possidemus
1853 3324 2337 3407 patrimonium
2372 3325 2513 3408 spi-

451 3427 649 3493 ritale
697 3432 1104 3489 exerceatur
1157 3422 1691 3501 mercimonium,
1754 3443 1892 3507 quo
1937 3425 2119 3489 inter
2166 3424 2513 3508 angelicos

451 3528 694 3593 choros
746 3542 1130 3589 mereamur
1174 3522 1462 3605 adipisci
1509 3523 1766 3606 gaudia
1806 3524 1955 3588 sine
1996 3522 2131 3589 fine
2175 3542 2515 3589 mansura.

455 3628 892 3710 Quapropter
921 3642 1051 3706 ego
1087 3623 1368 3705 Eadgar
1399 3642 1526 3688 rex
1549 3621 1933 3705 Auglorum
1958 3631 2515 3706 caeterarumque

453 3726 760 3809 gentium
787 3724 860 3788 in
885 3722 1170 3790 circuitu
1191 3721 1696 3805 persistentium
1723 3724 2139 3805 gubernator
2166 3730 2238 3788 et
2262 3731 2513 3801 rector,

451 3826 722 3891 cuidam
763 3842 916 3889 meo
961 3822 1144 3889 fideli
1180 3820 1489 3887 ministro
1523 3822 1830 3887 uocitato
1864 3823 2133 3887 nomine
2163 3821 2514 3901 Uulfstan,

446 3927 680 3992 decem
720 3941 997 3989 mansas
1032 3920 1520 4005 perpetualiter
1551 3921 1871 3999 concedo,
1913 3922 1986 3986 in
2032 3922 2154 3987 illo
2202 3920 2355 3987 loco
2400 3922 2517 3988 ubi

451 4023 844 4091 iamdudum
875 4021 1212 4089 ruricolae
1249 4020 1436 4087 illius
1470 4028 1692 4085 terrae
1727 4039 1971 4085 nomen
2010 4019 2397 4087 indiderunt
2426 4029 2519 4088 aet

455 4124 866 4203 Uuiscelea3
911 4130 1251 4205 qnatenus
1279 4120 1531 4186 habeat
1563 4140 1647 4185 ac
1678 4119 2027 4204 possideat
2059 4120 2387 4204 quamdiu
2414 4122 2519 4187 ui-

453 4226 610 4291 talis
641 4223 926 4309 spiritus
970 4220 1217 4288 aluerit
1249 4240 1534 4304 corpus;
1581 4239 1736 4285 cum
1775 4227 2007 4286 autem
2049 4220 2519 4287 dissolutionis

453 4344 618 4391 suae
647 4323 796 4391 dies
840 4321 1222 4401 aduenerit,
1257 4322 1661 4405 cuicumque
1697 4320 1994 4387 uoluerit
2024 4320 2299 4388 haeredi
2330 4322 2523 4389 dere-
