3552 5764
1096 646 1441 697 cussus
1488 645 1731 696 Auem
1741 645 2179 695 sAxochn.
2565 628 2696 693 128

587 822 793 887 quem
824 803 1156 871 solicolae
1182 804 1896 890 Swy’6beortesweald
1930 810 2206 882 uocant,
2250 824 2404 870 cum
2445 806 2692 888 pratis,

588 904 892 988 pascuis,
950 906 1401 989 omnibusque
1464 905 1553 971 ad
1615 924 1771 971 eam
1824 904 1958 971 rite
2018 905 2546 988 pertinentibus,
2608 914 2691 972 ut

587 1004 941 1089 possideat
992 1006 1368 1072 liberaliter
1427 1025 1646 1090 usque
1694 1005 1784 1071 ad
1839 1012 2224 1070 extremum
2280 1006 2469 1072 uitae
2519 1026 2690 1072 suae

590 1105 982 1187 tramitem3
1027 1106 1113 1171 de
1155 1106 1475 1190 deinceps
1522 1114 1757 1171 autem
1789 1105 1922 1170 sibi
1949 1105 2349 1170 succedenti
2380 1107 2688 1171 cuicum-

589 1224 725 1289 que
755 1204 1096 1289 placuerit
1122 1206 1401 1272 haeredi
1428 1207 1503 1271 in
1532 1213 1885 1271 aeternam
1923 1204 2270 1288 relinquat
2297 1204 2686 1271 haeredita-

592 1314 757 1384 tem,
783 1307 873 1371 ab
902 1308 1089 1372 omni
1119 1327 1195 1373 re
1226 1306 1567 1373 saeculari
1594 1306 1908 1385 liberam,
1938 1307 2249 1390 exceptis
2281 1306 2526 1382 tribus,
2555 1307 2686 1373 hoc

592 1412 723 1483 est,
748 1407 1205 1491 expeditione,
1242 1407 1473 1492 pontis
1518 1407 1790 1473 arcisue
1819 1406 2350 1472 constructione.
2446 1406 2687 1473 Tellus

592 1506 869 1589 quidem
896 1508 1329 1594 praescripta
1360 1506 1468 1573 his
1499 1507 1808 1573 terminis
1841 1507 2420 1590 circumcingitur.

1311 1804 1984 1873 Mccnxxxw.

1375 1956 1416 2001 ⁴·
1458 1926 1896 2023 6SWALD.

702 2110 779 2191 ›1‹
824 2106 979 2173 Eoo
1006 2104 1379 2173 Oswoldus
1419 2105 1531 2173 dei
1576 2107 1810 2191 gratia
1855 2106 2310 2173 Eboracensis
2352 2106 2687 2193 archiepi-

588 2228 865 2292 scopus,
903 2206 1253 2290 praesenti
1280 2206 1543 2290 scripto
1572 2214 1816 2274 notum
1849 2206 2032 2275 facio
2066 2215 2211 2272 tam
2238 2208 2387 2285 tibi,
2419 2207 2682 2275 charis-

592 2308 763 2375 sime
824 2308 1045 2373 amice
1096 2307 1243 2372 dux
1309 2306 1682 2391 AElfwyne,
1749 2327 1960 2392 quam
2020 2307 2154 2373 toti
2214 2308 2450 2373 curiae
2512 2309 2683 2395 Wy-

588 2409 899 2492 gol-niae,
928 2416 1001 2474 et
1046 2408 1366 2475 omnibus
1413 2408 1651 2473 amicis
1693 2408 1889 2485 meis,
1921 2407 2108 2492 quod
2159 2407 2396 2473 dilecti
2445 2408 2570 2475 filii
2609 2419 2682 2477 et

590 2508 838 2575 fratres
868 2509 1003 2573 mei
1049 2507 1137 2573 de
1184 2508 1521 2573 Ramesia
1562 2516 2050 2575 concesserunt
2091 2507 2258 2572 mihi
2293 2516 2548 2575 terram
2593 2512 2680 2578 de

590 2608 823 2688 Stura,
850 2611 982 2674 sub
1011 2608 1321 2691 gratuita
1367 2607 1782 2687 conditione,
1825 2628 1969 2693 qua
2016 2608 2304 2693 pacifice
2345 2610 2526 2676 inter
2549 2631 2680 2678 nos

588 2710 845 2793 poterit
874 2708 1268 2787 conuenire,
1303 2708 1434 2774 hoc
1468 2716 1577 2774 est
1618 2709 1848 2794 spatio
1891 2706 2080 2775 uitae
2113 2710 2319 2775 unius
2359 2709 2678 2795 hominis,

592 2809 703 2877 cui
746 2828 904 2876 eam
946 2808 1312 2875 tenendam
1366 2809 1714 2875 dimittere
1754 2808 2153 2890 noluissem,
2206 2828 2366 2875 cum
2415 2812 2683 2878 instau-

589 2916 901 2977 ramento
933 2917 1007 2977 et
1043 2910 1249 2975 rebus
1278 2909 1369 2976 ad
1401 2929 1555 2975 eam
1598 2911 2123 2995 pertinentibus.
2214 2909 2680 2996 Quapropter,

588 3011 985 3078 charissime
1017 3010 1191 3090 dux,
1222 3011 1353 3076 sub
1376 3019 1499 3076 tuo
1526 3016 1599 3075 et
1617 3009 1924 3076 omnium
1943 3017 2254 3076 uestrum
2283 3012 2679 3079 testimonio

588 3113 888 3178 concedo
928 3111 1213 3176 eandem
1256 3118 1515 3177 terram
1563 3109 1811 3176 osulfo
1862 3115 2164 3194 cognato
2206 3129 2360 3174 meo
2403 3111 2478 3176 in
2531 3113 2678 3180 uita

590 3231 716 3278 sua
766 3211 1157 3290 tenendam,
1206 3211 1311 3278 ita
1361 3211 1567 3295 plane
1622 3217 1701 3276 ut
1768 3217 1930 3293 post
1987 3208 2137 3276 eius
2195 3210 2460 3276 obitum
2519 3231 2674 3279 cum

586 3311 1131 3378 instauramento
1160 3312 1347 3396 quod
1385 3310 1463 3376 in
1504 3329 1591 3376 ea
1629 3309 1978 3376 inuenerit
2016 3317 2088 3376 et
2129 3310 2318 3376 omni
2362 3312 2676 3378 meliora-

586 3413 770 3479 tione
800 3431 944 3498 qua
958 3431 1113 3478 eam
1132 3413 1206 3477 in
1223 3413 1375 3478 uita
1397 3429 1527 3478 sua
1554 3410 1912 3476 meliorare
1929 3411 2206 3496 poterit,
2234 3412 2323 3477 ad
2347 3411 2674 3480 honorem

587 3512 697 3580 dei
727 3522 801 3580 et
832 3521 1118 3580 sanctae
1150 3511 1419 3578 Mariae
1452 3519 1524 3578 et
1554 3512 1858 3578 omnium
1883 3519 2303 3591 sanctorum,
2331 3531 2458 3596 pro
2486 3533 2680 3580 meae

590 3621 658 3680 et
680 3633 851 3682 suae
884 3620 959 3679 et
989 3614 1165 3692 eius,
1194 3613 1315 3696 qui
1346 3632 1501 3678 eam
1535 3613 1755 3698 primo
1779 3612 2000 3679 eidem
2020 3611 2396 3679 aecclesiae
2417 3611 2678 3680 Rame-

589 3713 731 3780 siae
760 3714 835 3779 in
869 3721 1282 3780 testamento
1327 3713 1631 3797 reliquit,
1669 3713 2054 3779 animarum
2085 3713 2310 3779 salute
2341 3713 2414 3777 in
2443 3713 2678 3799 dispo-

588 3815 905 3881 sitionem
973 3815 1267 3880 fratrum
1337 3820 1409 3879 et
1472 3814 1976 3898 possessionem
2034 3813 2254 3879 libera
2311 3812 2552 3879 redeat
2607 3823 2680 3882 et

590 3915 845 3999 quieta.
935 3913 1350 3998 Quicunque
1378 3914 1593 3998 igitur
1624 3912 1757 3978 hoc
1790 3914 2196 3979 imminuere
2228 3915 2708 3986 attentauerit.

591 4023 713 4082 aut
741 4015 1130 4094 immutare,
1157 4035 1204 4081 a
1230 4015 1579 4080 consortio
1606 4013 1863 4080 ciuium
1897 4021 2302 4098 seg-regetur
2341 4033 2676 4099 superno-

590 4135 764 4195 rum,
793 4123 867 4182 et
898 4135 1055 4182 cum
1096 4113 1387 4200 Angelis
1424 4113 1773 4181 Sathanae
1807 4115 1902 4180 sit
1945 4113 2394 4181 commoratio
2425 4116 2574 4182 eius
2605 4119 2680 4183 in

586 4215 876 4296 inferno,
919 4216 1055 4283 nisi
1098 4217 1173 4286 in
1214 4215 1365 4284 uita
1404 4235 1534 4282 sua
1580 4214 1922 4300 condigna
1969 4214 2444 4282 satisfactione
2481 4237 2676 4303 prae-

586 4317 1047 4401 sumptionem
1135 4317 1540 4384 temeritatis
1612 4335 1782 4384 suae
1863 4314 2208 4384 studuerit
2288 4317 2674 4398 emendare,

589 4415 831 4484 Amen.
