3552 5764
1036 604 1163 670 152
1561 617 1905 667 ana‘rAs
1948 616 2627 667 Anemsaxomcaa.

1042 778 1493 845 Eboracensis
1570 776 2146 860 archiepiscopuS,
2223 776 2555 841 AElfunus
2629 775 3124 841 Londoniensis

1042 880 1425 963 episcopua,
1482 887 1553 942 et
1606 876 1942 941 AElsricus
1999 877 2238 955 abbas,
2293 885 2363 940 et
2415 875 2771 940 AElsredus
2829 876 2997 953 dux,
3053 885 3124 940 et

1045 977 1461 1043 Brihtnoiius
1500 977 1668 1056 dux,
1703 986 1774 1042 et
1829 976 2162 1041 Eadricus
2203 976 2372 1053 dux,
2407 983 2478 1040 et
2517 976 2805 1040 AElssius
2845 983 3128 1058 satrapa

1041 1080 1250 1161 regis,
1285 1086 1356 1143 et
1396 1077 1623 1143 Frena
1662 1085 1944 1161 satrapa
1972 1078 2177 1159 regis,
2218 1085 2289 1140 et
2324 1074 2701 1158 Hargodus
2745 1077 3126 1159 presbyter,

1044 1189 1114 1244 et
1142 1177 1476 1243 AElfricus
1504 1178 1854 1255 diaconus,
1886 1187 1957 1242 et
1983 1176 2383 1243 Wuluricus
2418 1176 2794 1260 presbyter.

1931 1474 2261 1541 Mcccl.

1704 1625 2231 1703 AEDELRED,
2283 1626 2479 1691 1005.

1337 1824 1343 1831 .
1377 1775 1466 1841 ΙΝ
1498 1776 1769 1841 nomine
1795 1776 2010 1841 cosmi
2043 1775 2414 1841 saluatoris
2447 1784 2520 1841 et
2551 1775 2832 1841 humani
2865 1779 3138 1861 generis

1049 1767 1240 2023 ἒ
1277 1877 1727 1960 redemptoris
1794 1874 2005 1940 Ihesu
2072 1873 2332 1941 Christi
2395 1875 2650 1941 domini
2713 1879 2957 1955 nostri,
3017 1878 3139 1961 qui

1278 1977 1467 2043 solus
1512 1996 1665 2041 cum
1701 1982 1900 2061 patre
1945 1983 2015 2040 et
2048 1976 2294 2059 spiritu
2337 1984 2578 2041 sancto
2621 1996 2906 2059 regnum
2952 1985 3143 2043 tenet

1054 2078 1457 2145 inmortale!
1562 2076 1716 2159 Ego
1750 2075 2100 2153 AEsselrem
2135 2076 2372 2141 diuina
2415 2076 2885 2161 dispositione,
2912 2079 3142 2160 gentis

1056 2179 1488 2263 Angligenae
1544 2184 1614 2241 et
1673 2175 2097 2240 diuersarum
2163 2176 2514 2241 nationum
2571 2176 2948 2242 industrius
2994 2195 3146 2255 rex,

1060 2282 1179 2345 uni
1215 2298 1368 2344 meo
1400 2276 1715 2340 ministro
1754 2283 2152 2360 nuncupato
2186 2276 2542 2341 uocamine
2581 2275 2905 2360 Eadsige,
2939 2296 3145 2342 unam

1058 2398 1369 2445 mansam
1401 2376 1895 2460 perpetualiter
1929 2373 2230 2441 concedo
2257 2376 2330 2439 in
2362 2376 2484 2441 illo
2514 2375 2667 2441 loco
2693 2377 2811 2442 ubi
2845 2375 3148 2459 Anglica

1066 2478 1526 2563 appellatione
1598 2475 1849 2540 dicitur
1923 2485 2016 2540 aet
2093 2474 2358 2554 Fleote,
2420 2495 2548 2559 pro
2613 2478 2760 2542 eius
2824 2475 3149 2560 placabili

1064 2578 1357 2663 praetio,
1410 2575 1481 2641 id
1528 2583 1636 2640 est
1690 2591 1773 2640 .c.
1828 2594 2194 2639 mancusas
2251 2576 2324 2639 in
2369 2594 2538 2641 auro
2588 2578 2991 2659 purissimo:
3057 2569 3147 2641 ἔτι

1067 2681 1140 2744 in
1204 2696 1333 2743 suo
1391 2676 1625 2740 uiuere
1692 2694 1848 2738 cum
1912 2676 2368 2758 prosperitate
2425 2696 2690 2760 semper
2752 2679 2960 2741 istum
3025 2697 3152 2741 ex-

1070 2778 1299 2844 enium
1349 2776 1675 2855 obtineat,
1710 2784 1782 2839 et
1827 2783 1986 2857 post
2029 2792 2104 2839 se
2147 2795 2298 2841 cum
2346 2785 2677 2861 perpetuo
2723 2776 3152 2861 cyrographo

1075 2876 1187 2945 cui
1215 2875 1514 2943 uoluerit
1542 2874 1982 2941 aeternaliter
2007 2875 2459 2959 derelinquat.
2561 2876 2667 2942 Sit
2695 2887 2922 2944 autem
2957 2897 3153 2962 prae·

1074 2980 1332 3045 dictum
1375 2995 1492 3042 rus
1533 2976 1822 3041 liberum
1860 2976 1948 3040 ab
1991 2977 2177 3040 omni
2220 2976 2550 3042 mundiali
2588 2977 2970 3057 obstaculo,
3001 2997 3148 3042 cum

1076 3079 1391 3144 omnibus
1423 3096 1601 3161 quae
1635 3076 1722 3141 ad
1762 3077 1987 3158 ipsum
2031 3075 2255 3141 locum
2299 3077 2640 3159 pertinere
2686 3078 3153 3155 dinoscuntur,

1079 3188 1221 3244 tam
1248 3180 1320 3242 in
1346 3177 1615 3260 magnis
1639 3195 1849 3259 quam
1874 3175 1945 3239 in
1975 3175 2270 3242 minimis
2301 3179 2526 3254 rebus,
2549 3178 2834 3261 campis,
2859 3177 3153 3262 pascuis,

1080 3279 1325 3362 pratis,
1350 3277 1567 3353 siluis,
1592 3277 1739 3340 sine
1762 3276 2198 3359 expeditione
2225 3285 2296 3342 et
2319 3277 2550 3361 pontis
2577 3279 2845 3343 arcisue
2867 3278 3153 3344 instruc-

1084 3381 1284 3445 tione.
1386 3376 1461 3441 Si
1503 3376 1659 3459 quis
1701 3394 1893 3454 uero,
1925 3377 2287 3460 tyrannica
2328 3376 2610 3441 inflatus
2652 3387 3022 3461 potestate,
3057 3379 3156 3442 in-

1084 3479 1379 3560 fringere
1406 3476 1851 3557 temptauerit
1874 3475 2078 3542 huius
2103 3476 2320 3541 nostri
2354 3476 2611 3542 decreti
2639 3478 3159 3562 cyrographum,

1090 3580 1269 3642 sciat
1322 3595 1398 3640 se
1448 3594 1679 3639 coram
1740 3573 2019 3640 Christo
2065 3583 2137 3640 et
2187 3576 2451 3658 angelis
2505 3578 2652 3643 eius
2697 3579 2770 3642 in
2817 3577 3161 3643 tremendo

1089 3677 1410 3744 examine
1442 3675 1773 3739 rationem
1805 3674 2248 3753 redditurum,
2283 3677 2414 3740 nisi
2447 3677 2558 3742 hic
2587 3677 2778 3760 prius
2811 3678 3168 3744 emendare

1091 3778 1447 3859 satagerit.
1552 3773 1719 3839 Istis
1793 3775 2099 3839 terminis
2163 3775 2462 3841 ambitur
2526 3778 2879 3861 praedicta
2941 3778 3167 3843 tellus.

1102 3879 1233 3945 Dis
1274 3875 1543 3961 syndon
1584 3863 1774 3940 ’affere
1820 3862 1990 3939 ‘anre
2027 3874 2234 3957 higde
2278 3866 2742 3960 landgemffiro
2782 3867 2859 3943 t6
2911 3868 3167 3944 Flesste.

1104 3979 1338 4042 AErest
1388 3969 1487 4059 iip
1538 3973 1619 4041 of
1658 3964 1850 4040 ’affere
1903 3963 2004 4040 ssi}
2051 3995 2136 4040 on
2185 3978 2595 4060 scypcumb3
2647 3970 2748 4061 fip
2804 3983 3035 4044 bonne
3083 3997 3174 4042 on

1098 4077 1471 4161 scypcumb
1519 4095 1610 4139 on
1646 4081 1849 4140 vaene
1900 4075 2279 4159 bydelaecer
2321 4067 2856 4159 sfisseweardnffi
2902 4078 2984 4143 of
3013 4066 3176 4143 ’sam

1100 4177 1519 4261 bydeloecere
1550 4167 1648 4259 fip
1680 4195 1771 4240 on
1803 4181 1948 4241 ’δεῖ
1979 4165 2152 4241 slfi‘ed
2183 4176 2266 4240 be
2303 4167 2532 4242 sfifflan
2567 4166 3062 4261 Dyrnanlefige
3091 4197 3178 4241 on

1108 4276 1370 4358 gerihte
1424 4266 1497 4340 t6
1551 4274 1999 4355 Berhamme3
2061 4267 2161 4359 fip
2211 4283 2438 4342 ³donne
2489 4297 2578 4342 on
2630 4278 2926 4343 Berham
2969 4270 3179 4343 siib'e-

1110 4375 1424 4442 weardne
1466 4395 1555 4439 on
1595 4380 1792 4440 fflaene
1825 4375 2212 4459 hricgweg;
2260 4377 2341 4442 of
2372 4367 2534 4444 B‘am
2583 4378 2972 4462 hricgwege
3014 4382 3184 4444 nor’6
