3552 5764
1048 670 1392 720 cunnus
1436 668 2124 721 Anonosaxomcan.
2482 659 2612 725 1¹73

527 828 747 905 diens,
790 847 1007 893 senex
1050 836 1121 893 et
1162 826 1407 914 plenus
1432 829 1694 894 dierum
1724 829 2053 912 migrauit
2094 830 2182 896 ad
2216 829 2606 909 dominum;

528 928 709 1012 quod
754 928 1076 995 uidelicet
1118 948 1356 995 omnes
1396 930 1755 1013 utriusque
1798 929 2058 995 ordinis
2103 932 2472 1015 optimates
2516 934 2606 997 ad

532 1029 728 1109 regni
789 1030 1258 1112 gubernacula
1319 1029 1739 1095 moderanda
1801 1029 2084 1095 fratrem
2141 1051 2367 1096 meum
2427 1032 2613 1098 Ead-

531 1128 867 1193 uuardum
942 1130 1353 1194 unanimiter
1412 1131 1791 1212 elegerunt,
1863 1130 2164 1213 mihique
2236 1138 2454 1197 terras
2522 1132 2610 1197 ad

526 1229 751 1311 regios
784 1231 1204 1312 pertinentes
1234 1230 1411 1295 filios
1439 1230 1511 1294 in
1537 1250 1725 1294 meos
1750 1250 1918 1294 usus
1945 1230 2393 1296 tradiderunt.
2497 1232 2609 1297 Ex

527 1328 777 1412 quibus
825 1330 1088 1395 scilicet
1130 1331 1333 1395 terris
1374 1328 1709 1413 quasdam
1759 1338 1959 1414 pater
2000 1350 2194 1395 meus
2238 1331 2402 1396 dum
2454 1352 2609 1414 reg-

526 1436 724 1494 naret
768 1431 1221 1514 omnipotenti
1281 1429 1561 1495 Christo
1619 1430 1902 1514 eiusque
1958 1429 2275 1512 genitrici
2331 1438 2613 1497 sanctae

532 1528 799 1595 Mariae
841 1529 929 1594 ad
972 1531 1461 1595 monasterium
1506 1528 1691 1612 quod
1736 1528 2132 1595 Abbandun
2178 1540 2614 1614 nuncupatur

525 1647 653 1712 pro
683 1628 1150 1713 redemptione
1184 1632 1451 1695 animae
1482 1649 1649 1695 suae
1682 1630 2041 1706 concessit,
2086 1629 2217 1696 hoc
2255 1638 2362 1695 est
2395 1630 2611 1697 Bede-

526 1728 782 1793 uuinde
820 1749 978 1795 cum
1020 1730 1334 1795 omnihus
1377 1729 1465 1793 ad
1508 1748 1583 1793 se
1626 1730 2148 1813 pertinentibuS,
2176 1730 2612 1797 Hisseburna

526 1848 683 1893 cum
723 1829 1065 1895 uniuersis
1114 1830 1259 1895 suis
1308 1829 1822 1914 appendicibu8‚
1873 1829 2192 1895 Burhhec
2237 1850 2612 1915 omnesque

524 1929 657 1993 sihi
682 1927 1078 1995 adiacentes
1104 1929 1439 1995 redditus.
1506 1928 1708 2009 Quae
1740 1930 1974 1995 statim
2005 1936 2231 1995 terrae
2262 1930 2464 1997 iuxta
2494 1932 2610 1996 de-

522 2037 786 2095 cretum
810 2036 883 2093 et
896 2030 1447 2114 praeceptionem
1469 2036 1864 2093 cunctorum
1883 2030 2289 2114 optimatum
2308 2029 2394 2096 de
2417 2051 2614 2115 prae-

526 2129 672 2194 fato
736 2136 979 2195 sancto
1030 2130 1360 2195 coenobio
1413 2128 1749 2195 uiolenter
1808 2130 2222 2208 abstractae,
2285 2150 2612 2214 meaeque

524 2229 769 2294 ditioni
823 2228 1085 2294 hisdem
1135 2230 1717 2313 praecipientibus
1760 2238 1925 2295 sunt
1976 2231 2344 2305 subactae3
2402 2250 2611 2314 quam

527 2349 671 2393 rem
714 2329 775 2394 si
823 2328 1003 2394 iuste
1053 2336 1176 2395 aut
1222 2330 1473 2394 iniuste
1516 2328 1800 2394 fecerint
1839 2330 1972 2414 ipsi
2005 2331 2252 2395 sciant.
2343 2331 2610 2397 Deinde

530 2448 686 2494 cum
710 2429 925 2494 frater
944 2448 1136 2495 meus
1155 2428 1285 2494 hoc
1305 2448 1830 2513 aerumpnosum
1848 2430 2148 2495 deseruit
2170 2428 2519 2497 saeculum
2540 2440 2612 2498 et

524 2529 654 2595 sibi
689 2549 735 2594 a
764 2527 893 2594 deo
920 2530 1501 2614 praedestinatum
1535 2531 1843 2614 percepit
1867 2530 2388 2596 interminabilis
2423 2532 2611 2597 uitae

526 2629 1081 2709 emolumentum,
1110 2648 1241 2713 ego
1272 2636 1614 2695 annuente
1635 2628 1913 2696 Christo
1944 2640 2014 2696 et
2044 2632 2377 2713 regalium
2407 2632 2612 2697 simul

526 2737 596 2795 et
622 2729 711 2794 ad
740 2730 969 2813 regios
1002 2730 1179 2795 filios
1211 2731 1696 2815 pertinentium
1724 2738 2063 2795 terrarum
2091 2732 2360 2815 suscepi
2390 2732 2607 2797 domi-

526 2830 738 2896 nium.
841 2830 1052 2898 Nunc
1094 2839 1324 2897 autem
1352 2830 1517 2915 quia
1547 2829 1715 2896 mihi
1744 2830 2021 2896 uidetur
2049 2850 2198 2896 esse
2231 2829 2434 2896 ualde
2463 2851 2610 2898 mo-

522 2929 772 2996 lestum
835 2932 1054 3016 patris
1108 2932 1244 2996 mei
1301 2931 1648 2996 incurrere
1694 2937 1767 2996 et
1813 2938 2103 3015 portare
2146 2931 2606 3010 maledictum,

524 3030 879 3097 retinendo
908 3031 1038 3096 hoc
1072 3031 1256 3114 quod
1285 3031 1434 3115 ipse
1475 3050 1603 3114 pro
1633 3049 1801 3095 suae
1845 3031 2114 3094 animae
2146 3030 2611 3113 redemptione

525 3130 654 3196 deo
718 3131 1014 3198 contulit
1059 3131 1438 3209 donarium,
1507 3137 1579 3195 et
1642 3130 1809 3213 quia
1873 3129 2099 3212 gratia
2166 3129 2276 3194 dei
2348 3147 2458 3195 me
2521 3131 2606 3196 ad

522 3231 1020 3315 intelligibilem
1064 3230 1436 3315 perducere
1478 3230 1765 3312 dignata
1812 3237 1919 3295 est
1947 3235 2266 3307 aetatem,
2310 3230 2610 3314 mihique

526 3351 647 3416 per
674 3351 981 3398 meorum
1006 3333 1417 3416 optimatum
1445 3330 1721 3396 decreta
1752 3328 2140 3395 affluentem
2166 3339 2236 3395 et
2261 3331 2611 3414 copiosam

526 3439 865 3497 terrarum
896 3429 1151 3514 largita
1179 3438 1287 3497 est
1330 3431 1738 3515 portionem,
1787 3430 2035 3495 iccirco
2065 3436 2136 3494 et
2173 3449 2304 3513 ego
2333 3451 2424 3495 ex
2454 3451 2609 3497 mea

525 3534 810 3616 propria
877 3531 1299 3598 haereditate
1370 3531 1753 3615 praefatum
1827 3537 2140 3596 sanctum
2205 3531 2608 3596 coenobium

524 3652 805 3698 munere
853 3652 1160 3716 congruo
1205 3632 1540 3697 honorare
1590 3639 1661 3697 et
1712 3639 2054 3715 oportuna
2106 3631 2608 3715 possessionum

522 3733 890 3817 largitione
910 3731 1131 3823 ditare
1158 3731 1483 3816 dispono;
1520 3733 1818 3816 primum
1837 3751 1964 3816 pro
1997 3730 2106 3796 dei
2127 3731 2610 3814 omnipotentis

526 3835 809 3917 eiusque
852 3839 1136 3898 sanctae
1172 3832 1521 3915 genitricis
1549 3851 1803 3910 amore,
1839 3838 1917 3896 ut
1966 3831 2120 3915 ipsa
2166 3849 2292 3914 pro
2338 3850 2446 3896 me
2490 3832 2608 3915 pia

523 3933 984 4000 interuentrix
1016 3951 1167 3998 esse
1196 3931 1518 4015 dignetur
1552 3930 1640 3996 ad
1668 3931 2020 3996 dominum
2041 3929 2243 3995 deum
2273 3937 2607 4010 nostrum,

520 4033 767 4099 deinde
814 4052 941 4118 pro
992 4033 1262 4097 animae
1308 4033 1635 4116 genitoris
1692 4031 1825 4096 mei
1861 4029 2250 4108 dilectione,
2281 4049 2607 4116 meaeque

522 4135 842 4218 propriae
888 4133 1155 4198 animae
1197 4139 1479 4197 aeterna
1527 4130 2011 4215 redemptione,
2058 4150 2326 4196 necnon
2368 4138 2440 4195 et
2484 4153 2609 4216 pro

524 4253 834 4300 meorum
894 4251 1108 4299 causa
1160 4231 1524 4297 liberorum
1580 4233 1700 4317 qui
1756 4230 2032 4297 easdem
2085 4230 2430 4315 praefatas
2479 4233 2610 4298 sihi

520 4333 871 4400 attrahere
939 4350 1243 4416 suaeque
1307 4331 1550 4397 ditioni
1606 4332 1916 4415 cogitant
1979 4331 2310 4396 subiicere
2369 4339 2608 4397 terras.

526 4434 831 4500 Nomina
896 4453 1063 4498 uero
1126 4441 1481 4500 terrarum,
1529 4451 1705 4518 quas
1772 4432 1862 4498 ad
1931 4431 2314 4516 praefatum
2377 4431 2612 4497 libenti
