3552 5764
874 607 1009 674 124
1378 620 1723 671 casurae
1769 619 2010 669 sueno
2021 617 2464 669 saxonicae.

1566 875 2281 946 mccnxxxvu.

1708 1002 2150 1099 oswALn.

994 1184 1072 1265 »Β
1113 1181 1419 1247 Doumo
1444 1200 1598 1247 meo
1626 1179 1998 1248 karissimo
2027 1180 2179 1264 regi
2208 1178 2594 1263 Auglorum
2629 1176 2975 1262 Eadgaro,

882 1302 1015 1367 ego
1045 1280 1412 1348 oswaldus
1451 1282 1956 1365 Uuigornensis
2003 1280 2376 1347 aecclesiae
2424 1279 2789 1363 episcopus
2831 1298 2978 1344 om·

884 1385 1074 1449 nium
1108 1401 1287 1467 quae
1312 1382 1479 1447 mihi
1507 1400 1631 1465 per
1647 1383 1868 1467 ipsius
1886 1382 2320 1447 clementiam
2339 1398 2696 1445 munerum
2716 1378 2976 1445 tradita

884 1490 1069 1561 sunt,
1098 1481 1284 1566 apud
1326 1482 1527 1547 deum
1574 1490 1646 1548 et
1682 1483 1870 1567 apud
1917 1482 2225 1547 homines
2269 1482 2534 1565 gratias
2571 1499 2728 1564 ago.
2831 1478 2976 1562 Igi-

888 1592 1003 1649 tur
1038 1584 1100 1647 si
1128 1583 1241 1647 dei
1273 1582 1743 1650 misericordia
1776 1582 2197 1667 suppeditet,
2232 1600 2466 1647 coram
2493 1581 2624 1646 deo
2652 1588 2732 1655 et.
2751 1578 2974 1644 bomi-

888 1683 1091 1749 nibus
1133 1682 1632 1768 perpetualiter
1672 1685 1738 1749 ei
1781 1682 2005 1749 fidelis
2049 1682 2486 1767 permanebo,
2537 1680 2977 1747 reminiscens

887 1804 1043 1849 cum
1112 1784 1493 1867 gratiarum
1550 1786 1824 1850 actione
1887 1782 2254 1865 largifluae
2311 1781 2754 1865 benignitatis
2801 1781 2976 1858 eius,

889 1885 1055 1969 quia
1094 1904 1219 1968 per
1258 1902 1453 1949 meos
1488 1883 1662 1947 illud
1700 1883 1888 1969 quod
1925 1902 2341 1967 magnopere
2370 1882 2782 1966 expetebam
2809 1880 2980 1945 mihi

889 1986 1229 2050 concessit
1277 1984 1766 2063 internuntios,
1823 1983 1893 2049 id
1945 1990 2052 2050 est
2094 1982 2724 2049 reuerentissimum
2778 1981 2978 2047 Dun-

890 2094 1164 2153 stanum
1206 2083 1794 2169 archiepiscopum
1827 2092 1900 2149 et
1933 2083 2401 2150 uenerandum
2434 2078 2977 2148 AEffleluuoldum

896 2185 1320 2250 Uuintoniae
1384 2185 1784 2269 episcopum
1845 2192 1916 2251 et
1960 2185 2188 2250 uirum
2244 2182 2686 2267 magnificum
2751 2182 2980 2247 Briht·

892 2289 1149 2351 nobum
1178 2285 1524 2372 comitem,
1563 2304 1857 2369 quorum
1898 2284 2247 2369 legatione
2279 2292 2353 2350 et
2382 2282 2730 2349 adiutorio
2757 2302 2981 2348 meam

893 2394 968 2452 et
998 2391 1283 2451 sanctae
1321 2384 1434 2449 dei
1475 2386 1851 2451 aecclesiae
1884 2385 2237 2470 querelam
2275 2384 2606 2468 suscepit,
2640 2392 2712 2449 et
2743 2400 2981 2448 secun-

894 2486 1058 2551 dum
1098 2484 1460 2551 consilium
1498 2486 1887 2569 sapientum
1929 2498 2002 2551 et
2047 2486 2431 2570 principum
2479 2503 2760 2559 suorum
2798 2484 2982 2549 iuste

896 2584 1313 2665 emendauit,
1354 2585 1445 2651 ad
1492 2594 1968 2651 sustentamen
2004 2586 2380 2651 aecclesiae
2413 2603 2620 2668 quam
2655 2584 2820 2648 mihi
2859 2585 2982 2649 be-

896 2686 1107 2768 nigne
1146 2694 1220 2752 et
1256 2686 1475 2751 libens
1502 2684 1874 2769 regendam
1908 2686 2272 2751 commisit.
2359 2684 2594 2765 Quare
2617 2702 2758 2769 quo
2782 2683 2984 2749 modo

896 2785 1073 2851 fidos
1100 2785 1269 2851 mibi
1294 2786 1610 2853 subditos
1648 2786 2012 2853 telluribus
2045 2805 2226 2870 quae
2267 2804 2461 2852 meae
2495 2785 2792 2850 traditae
2825 2793 2990 2851 sunt

898 2888 1231 2973 potestati
1262 2907 1390 2974 per
1426 2887 1731 2971 spatium
1759 2889 2090 2972 temporis
2127 2889 2337 2953 trium
2372 2887 2745 2966 hominum,
2779 2884 2850 2951 id
2880 2895 2989 2953 est

899 2988 1193 3054 duorum
1232 2993 1394 3070 post
1434 3007 1511 3054 se
1556 2987 1955 3068 haeredum,
1999 2988 2485 3065 condonarem,
2522 2986 2788 3072 placuit
2837 2993 2983 3052 tam

899 3089 1069 3154 mibi
1114 3106 1325 3172 quam
1366 3087 1537 3171 ipsis
1586 3087 1975 3155 fautoribus
2025 3095 2098 3154 et
2139 3088 2547 3154 consiliariis
2583 3088 2779 3166 meis,
2827 3106 2985 3152 cum

897 3189 1116 3272 ipsius
1143 3187 1403 3253 domini
1435 3189 1571 3253 mei
1599 3190 1785 3271 regis
1815 3188 2095 3255 licentia
2124 3197 2197 3255 et
2225 3188 2692 3265 attestatione,
2739 3194 2820 3252 ut
2849 3187 2984 3254 fra-

901 3289 1125 3354 tribus
1158 3288 1329 3353 meis
1366 3291 1906 3369 successoribus,
1947 3289 2211 3355 scilicet
2247 3289 2612 3372 episcopis,
2641 3307 2766 3373 per
2790 3307 2990 3373 cyro-

902 3387 1151 3473 graphi
1180 3387 1567 3453 cautionem
1610 3391 1919 3472 apertius
1959 3389 2414 3468 enuclearem,
2455 3394 2537 3454 ut
2569 3389 2796 3454 sciant
2822 3388 2990 3473 quid

904 3491 992 3556 ab
1021 3490 1123 3555 eis
1165 3495 1577 3572 extorquere
1613 3489 1794 3554 iuste
1841 3489 2135 3555 debeant
2176 3488 2553 3555 secundum
2591 3488 2990 3554 conuentio-

904 3609 1059 3656 nem
1084 3607 1241 3654 cum
1267 3588 1367 3652 eis
1396 3587 1651 3654 factam
1680 3589 2214 3676 etsponsionem
2244 3609 2474 3671 suam3
2504 3588 2685 3654 unde
2713 3596 2785 3655 et
2811 3587 2992 3656 hanc

902 3690 1265 3774 epistolam
1283 3689 1372 3754 ob
1388 3689 1705 3754 cautelae
1720 3708 2004 3755 causam
2021 3709 2431 3774 componere
2452 3687 2713 3769 studui,
2729 3709 2816 3754 ne
2834 3690 2992 3774 quis

900 3791 1252 3874 malignae
1304 3788 1704 3872 cupiditatis
1755 3790 2089 3856 instinctu
2139 3791 2271 3856 hoc
2320 3791 2636 3874 sequenti
2685 3797 2996 3874 tempore

905 3899 1175 3956 mutare
1226 3889 1495 3968 uolens,
1548 3890 1864 3955 abiurare
1911 3909 1957 3954 a
2001 3892 2286 3958 seruitio
2327 3890 2703 3956 aecclesiae
2754 3897 2991 3974 queat.

910 3990 1111 4056 Haec
1139 3991 1377 4074 itaque
1413 3991 1784 4056 conuentio
1818 4011 1975 4056 cum
2009 3991 2124 4057 eis‘
2147 3991 2336 4058 facta
2363 3999 2496 4070 est,
2528 3991 2682 4075 ipso
2715 3989 2994 4056 domino

904 4110 1059 4156 meo
1091 4108 1257 4172 rege
1293 4098 1663 4171 annuente,
1714 4099 1788 4157 et
1833 4111 1964 4158 sua
2009 4093 2458 4159 attestatione
2487 4089 2995 4156 munificentiae

902 4207 1073 4256 suae
1100 4189 1495 4272 largitatem
1538 4194 1907 4258 roborante
1939 4199 2010 4258 et
2041 4192 2510 4270 confirmante,
2541 4191 2991 4274 omnibusque

900 4289 1121 4374 ipsius
1149 4289 1500 4372 regiminis
1520 4292 1946 4376 sapientibus
1967 4300 2038 4357 et
2058 4293 2480 4378 principibus
2503 4293 2994 4358 attestantibus

905 4398 977 4456 et
1004 4390 1609 4457 consentientibus.
1715 4392 1876 4458 Hoc
1905 4401 2112 4477 pacto
2147 4395 2246 4462 eis
2278 4403 2498 4462 terras
2526 4399 2808 4460 sanctae
2836 4409 2994 4458 aec-
