3552 5764
1071 643 1414 692 cutm-rm
1459 643 1799 693 AucmsA
1811 644 2147 694 xomcsn.
2540 626 2671 693 105

574 802 651 883 ›1‹
696 801 852 883 Ego
886 849 902 863 .
935 798 1168 882 osgar
1204 849 1220 864 .
1251 800 1407 865 abb.
1731 802 1810 883 ›1‹
1856 801 2008 883 Ego
2043 852 2059 867 .
2085 798 2297 866 Oslac
2330 847 2345 861 .
2378 799 2547 865 dux.

575 902 652 983 ›1‹
693 901 844 983 Ego
879 947 896 964 .
930 901 1238 984 ae’zselgar
1269 901 1424 964 abb,
1723 902 1801 983 ›1‹
1846 901 1999 984 Ego
2032 947 2047 964 .
2080 900 2473 988 aepelweard
2506 947 2523 966 .
2548 899 2641 965 fn.

668 1002 753 1087 »Β
793 1001 947 1082 Ego
982 1049 1000 1066 .
1033 1001 1300 1085 aelfsige
1339 1047 1354 1064 .
1389 1000 1479 1070 ὦ.

667 1100 754 1186 ›1‹
789 1100 944 1184 Ego
982 1147 1001 1165 .
1027 1101 1374 1167 aelsweard
1410 1148 1425 1164 .
1461 1099 1549 1164 fii.

675 1203 752 1284 ›1‹
793 1200 952 1283 Ego
983 1249 1004 1266 .
1040 1201 1348 1285 byrhtric
1381 1247 1398 1266 .
1431 1201 1521 1265 fii.

673 1301 758 1386 »Β
797 1301 950 1383 Ego
985 1349 1002 1365 .
1034 1300 1352 1367 leofwine
1382 1348 1398 1365 .
1427 1301 1516 1365 fii.

676 1402 753 1483 ›1‹
799 1401 952 1484 Ego
987 1449 1002 1466 .
1037 1402 1285 1466 eanulf
1307 1449 1326 1466 .
1360 1400 1448 1467 ἰῇ.

1339 1599 1876 1666 Mchxxv.

1213 1746 1254 1788 ⁶
1287 1721 1729 1829 mucia,
1772 1749 1925 1815 978.

673 1901 759 1988 »Β
798 1900 1210 1967 ΒΕΟΝΔΝΤΕ
1252 1899 1324 1964 in
1377 1907 1788 1984 perpetuum
1840 1900 2119 1964 domino
2166 1910 2403 1968 nostro
2451 1904 2661 1971 Ihesu

573 1999 868 2077 Christo,
897 2020 1165 2065 summo
1198 2000 1330 2082 [et]
1369 1999 1696 2067 ineffabili
1722 2019 1948 2064 rerum
1982 2009 2290 2068 creatore
2318 2023 2400 2070 ac
2430 2007 2661 2072 mode-

573 2109 798 2167 ratore
831 2103 1160 2178 omnium,
1196 2108 1642 2185 temporaque
1685 2119 1815 2166 sua
1856 2100 2260 2168 multimodo
2293 2105 2662 2189 disponens

571 2203 990 2285 temporibus
1017 2201 1396 2284 potentiam
1429 2208 1508 2267 ut
1535 2201 1836 2266 uoluerit
1879 2201 2080 2267 finem
2126 2203 2455 2289 imponet,
2488 2215 2559 2272 et
2589 2209 2659 2272 in

571 2299 698 2367 hac
743 2303 893 2367 uita
950 2301 1358 2384 degentibus
1417 2301 1685 2366 cunctis
1743 2309 2007 2366 certum
2070 2311 2151 2368 ut
2206 2316 2662 2391 proposuerat

569 2402 828 2466 dierum
862 2402 1229 2466 terminum
1261 2401 1655 2467 constituet.
1757 2400 2202 2488 Quapropter
2228 2425 2360 2488 ego
2383 2405 2664 2490 Eadgar

573 2503 786 2568 totius
822 2502 1256 2567 Brittanniae
1299 2501 1625 2580 basileus,
1653 2503 1999 2586 quandam
2032 2505 2211 2569 ruris
2248 2508 2661 2590 particulam

573 2619 664 2668 J.
701 2602 1022 2668 uidelicet
1057 2609 1396 2680 cassatus,
1431 2603 1500 2666 in
1539 2601 1695 2668 loco
1725 2603 1847 2686 qui
1869 2602 2121 2669 celebri
2156 2612 2248 2671 aet
2279 2605 2661 2674 Hamstede

573 2709 1011 2787 nuncupatur
1068 2702 1433 2780 uocabulo,
1481 2702 1753 2768 cuidam
1808 2703 2122 2771 ministro
2183 2706 2352 2771 mihi
2405 2710 2660 2792 oppido

573 2803 758 2868 fideli
785 2803 906 2888 qui
945 2802 1032 2867 ab
1067 2801 1352 2868 huiusce
1385 2804 1649 2889 patriae
1685 2805 2017 2887 gnosticis
2050 2804 2263 2870 nobili
2307 2807 2661 2893 Mangoda

573 2905 963 2987 appellatur
1015 2909 1358 2983 onomate,
1416 2923 1540 2987 pro
1603 2904 1936 2986 obsequio
1990 2906 2139 2970 eius
2196 2907 2661 2989 deuotissimo,

575 3012 908 3089 perpetua
935 3004 1226 3086 largitus
1255 3024 1408 3069 sum
1438 3004 1883 3081 haereditate,
1910 3011 1988 3069 ut
2020 3006 2191 3089 ipse,
2212 3006 2361 3072 uita
2388 3009 2661 3090 comite,

571 3124 730 3169 cum
788 3104 1104 3170 omnibus
1181 3104 1613 3180 utensilibus,
1675 3103 1895 3187 pratis
1956 3104 2295 3186 uidelicet,
2362 3111 2661 3191 pascuis,

574 3204 794 3283 siluis,
837 3206 983 3269 uoti
1035 3222 1317 3287 compos
1365 3204 1655 3279 habeat;
1731 3211 1803 3268 et
1855 3213 2015 3287 post
2064 3206 2252 3271 uitae
2302 3224 2470 3273 suae
2521 3217 2659 3275 ter-

578 3306 832 3371 minum
892 3304 1438 3389 quibuscumque
1487 3303 1785 3369 uoluerit
1828 3304 2237 3370 cleronomis
2292 3308 2661 3376 immunem

573 3404 1022 3489 derelinquat.
1111 3404 1218 3469 Sit
1257 3412 1488 3470 autem
1527 3404 1953 3488 praedictum
1986 3424 2105 3470 rus
2138 3408 2323 3472 omni
2350 3416 2663 3477 terrenae

574 3506 928 3572 seruitutis
969 3506 1134 3590 iugo
1166 3504 1481 3583 liberum,
1526 3506 1746 3571 tribus
1785 3507 2121 3589 exceptis,
2149 3514 2305 3573 rata
2341 3510 2661 3579 uidelicet

573 3606 1034 3691 expeditione,
1094 3604 1326 3688 pontis
1390 3605 1660 3671 arcisue
1722 3608 2245 3675 restauratione.
2367 3609 2443 3675 Si
2508 3611 2663 3694 quis

575 3708 791 3790 igitur
816 3707 997 3772 hanc
1039 3712 1346 3771 nostram
1380 3705 1815 3772 donationem
1848 3707 1921 3771 in
1952 3707 2139 3772 aliud
2170 3728 2379 3793 quam
2408 3714 2661 3779 consti-

573 3808 832 3873 tuimus
878 3806 1252 3871 transferre
1280 3804 1598 3885 voluerit,
1645 3806 1961 3890 priuatus
2003 3810 2351 3876 consortio
2382 3820 2663 3880 sanctae

571 3906 684 3973 dei
711 3908 1107 3986 aecclesiae,
1133 3905 1428 3972 aeternis
1457 3907 1767 3972 barathri
1790 3906 2122 3973 incendiis
2151 3907 2462 3993 lugubris
2485 3913 2665 3998 iugi-

573 4014 682 4073 ter
731 4027 887 4073 cum
943 4006 1126 4072 Iuda
1169 4006 1426 4073 Christi
1481 4006 1832 4092 proditore
1886 4008 2170 4092 eiusque
2218 4011 2661 4095 complicibus

573 4110 924 4193 puniatur,
974 4108 1036 4172 si
1099 4127 1236 4172 non
1295 4105 1767 4172 satisfactione
1811 4108 2277 4176 emendauerit
2331 4132 2661 4198 congrua,

573 4209 760 4292 quod
810 4215 1056 4274 contra
1109 4215 1418 4273 nostrum
1469 4207 1761 4290 deliquit
1808 4208 2175 4274 decretum.
2282 4210 2418 4277 His
2462 4218 2664 4283 metis

571 4310 962 4393 praefatum
991 4328 1110 4373 rus
1133 4307 1289 4372 hinc
1319 4308 1476 4372 inde
1505 4315 1814 4393 gyratur.
1890 4308 2023 4377 Dis
2050 4311 2313 4396 syndon
2341 4316 2437 4379 {Sa
2469 4316 2663 4382 land-

570 4399 875 4490 gemaera
921 4399 998 4474 t6
1053 4400 1460 4475 H‘amstede.
1568 4407 1669 4474 of
1711 4408 2113 4491 Sandgatan
2170 4404 2307 4480 siis
2358 4417 2663 4502 andlang
