3552 5764
884 589 1013 655 160
1392 607 1733 656 crimus
1776 605 2462 655 Auomssxomcsss.

1747 865 2108 933 Mcccv.

1548 1012 2072 1093 AEDELRED,
2117 1015 2310 1081 1008.

999 1166 1077 1247 *1⁴
1117 1162 1393 1229 Sumus
1424 1163 1587 1247 quia
1614 1164 1685 1228 in
1718 1163 1954 1229 multis
1980 1163 2385 1230 offendimus
2415 1182 2692 1243 omnes;
2727 1164 2787 1229 si
2809 1184 2974 1231 uero

884 1264 955 1327 in
984 1266 1187 1330 rebus
1221 1263 1589 1348 aliquando
1625 1262 2152 1329 aecclesiasticis
2185 1263 2610 1341 offendimuS,
2654 1284 2739 1329 ea
2767 1284 2970 1349 quae,

883 1365 1013 1428 deo
1056 1364 1452 1441 adiuuante,
1492 1363 1854 1428 emendare
1901 1383 2230 1428 conamur
2271 1363 2661 1429 firmissimo
2708 1364 2968 1429 littera—

882 1484 1035 1528 rum
1066 1464 1242 1529 libro
1277 1464 1541 1528 munire
1584 1464 1935 1541 debemuS,
1968 1482 2052 1527 ne
2087 1464 2360 1541 iterum,
2405 1463 2588 1547 quod
2624 1465 2826 1543 absit,
2857 1485 2966 1530 res

885 1564 1391 1630 aecclesiastica
1422 1583 1466 1628 a
1485 1562 1802 1628 manibus
1835 1563 2267 1646 possideatur
2287 1564 2533 1628 alienis
2563 1564 2963 1648 cupiditatis

880 1682 1111 1730 causa.
1216 1662 1375 1743 Qua
1416 1662 1501 1728 de
1540 1683 1637 1740 re,
1682 1682 1814 1747 ego
1849 1662 2284 1740 AE'selredus,
2316 1662 2426 1728 dei
2469 1673 2665 1741 nutu,
2699 1662 2963 1746 Anglo-

884 1782 1033 1828 rum
1060 1764 1385 1843 basileus,
1410 1770 1649 1828 notum
1674 1762 1836 1828 uolo
1864 1764 2102 1827 adesse
2123 1763 2436 1828 omnibus
2462 1782 2615 1828 meo
2639 1763 2964 1829 subiectis

880 1864 1165 1947 imperio
1214 1864 1398 1947 quod
1447 1863 1725 1946 quidam
1772 1863 1970 1927 miles
2015 1862 2372 1944 AEli'garns
2422 1862 2717 1940 nomine,
2769 1884 2961 1929 meus

882 1964 1201 2029 uidelicet
1217 1964 1653 2047 praepositus
1678 1970 1889 2046 atque
1909 1962 2324 2045 praeciosus,
2343 1963 2686 2047 quandam
2711 1964 2960 2029 iniuste

881 2064 1254 2148 adquisiuit
1279 2063 1515 2128 uillam
1538 2063 2012 2128 sanctissimae
2033 2062 2381 2144 genitricis
2404 2062 2672 2128 Mariae
2692 2062 2965 2128 Abben-

882 2164 1203 2229 donensis
1243 2164 1574 2240 coenobii,
1607 2164 1695 2228 ab
1728 2163 1970 2227 incolis
2001 2161 2300 2227 Mordun
2347 2164 2768 2229 nominatam
2802 2180 2960 2229 ‚xx.

882 2284 1179 2342 mansos,
1216 2271 1521 2347 tempore
1562 2262 1884 2328 uidelicet
1917 2261 2230 2327 Eadwini
2268 2262 2562 2341 abbatis,
2594 2283 2702 2327 me
2734 2271 2962 2329 tamen

880 2364 1371 2441 consentiente,
1414 2364 1731 2447 quamuis
1781 2362 2053 2439 iniuste,
2109 2361 2433 2446 deditque
2480 2363 2756 2446 coniugi
2797 2383 2963 2428 suae

883 2462 1167 2545 AElfgife
1214 2464 1341 2527 sub
1382 2460 1837 2527 haereditario
1875 2461 2182 2526 datalicii
2236 2462 2456 2543 don03
2501 2482 2640 2547 quo
2690 2470 2961 2528 mortuo

882 2562 1235 2646 praedicta
1300 2562 1543 2626 mulier
1608 2560 1902 2643 AElfgifu
1968 2562 2088 2626 alii
2150 2562 2476 2645 copulata
2538 2570 2648 2627 est
2715 2564 2961 2628 marito

876 2661 1169 2745 Wulgat
1226 2661 1606 2743 uocabu103
1671 2661 1794 2744 qui
1847 2663 2050 2726 ambo
2106 2661 2386 2726 crimine
2439 2662 2742 2745 pessimo
2784 2663 2961 2728 iuste

879 2763 967 2827 ab
1019 2762 1203 2827 omni
1255 2762 1549 2826 incusati
1608 2768 1771 2827 sunt
1833 2761 2090 2844 populo
2141 2780 2352 2827 causa
2399 2780 2568 2827 suae
2617 2762 2962 2827 machina-

880 2861 1087 2930 tionis
1136 2860 1476 2947 propriae,
1526 2861 1610 2927 de
1664 2881 1805 2946 qua
1853 2861 2054 2927 modo
2100 2881 2236 2927 non
2287 2868 2394 2928 est
2438 2862 2798 2928 dicendum
2840 2882 2962 2948 per

788 3003 804 3012 -
880 2963 1193 3045 singula3
1242 2970 1523 3047 propter
1566 2981 1775 3046 quam
1810 2982 1976 3027 uero
2021 2963 2592 3029 machinationem
2641 2983 2820 3047 quae
2853 2965 2958 3027 in·

880 3063 1061 3129 iuste
1094 3064 1564 3146 adquisierunt
1586 3062 1818 3128 omnia
1842 3062 2023 3127 inste
2042 3063 2520 3146 perdiderunt:
2560 3082 2697 3147 quo
2719 3063 2957 3128 auditu

881 3162 1288 3246 Wulfgarus
1338 3163 1669 3248 praedicti
1732 3169 1974 3246 pastor
2033 3163 2428 3227 monasterii
2485 3163 2573 3228 de
2612 3162 2962 3246 praedicta

882 3263 1119 3328 statim
1164 3263 1519 3328 admonuit
1561 3282 1671 3327 me
1713 3261 1959 3327 uillula
2008 3280 2217 3345 quam
2261 3263 2393 3346 ipsi
2439 3261 2692 3328 iniuste
2747 3264 2961 3346 possi-

882 3363 1177 3444 debant3
1230 3383 1359 3446 ego
1404 3370 1635 3428 autem
1686 3381 1947 3426 memor
1993 3361 2268 3426 illorum
2317 3362 2610 3427 iniustae
2659 3363 2958 3446 adquisi-

880 3463 1147 3528 sitionis
1202 3471 1271 3526 et
1328 3481 1519 3527 meae
1574 3481 1711 3526 non
1770 3463 1989 3525 bonae
2045 3462 2509 3528 consensionis
2569 3481 2722 3526 cum
2773 3461 2958 3528 omni

880 3562 1105 3628 cordis
1150 3561 1487 3627 desiderio
1539 3561 1923 3645 praefatam
1969 3559 2232 3625 reddidi
2282 3561 2516 3626 uillam
2561 3563 2806 3627 beatae
2846 3562 2956 3628 dei

878 3662 1193 3745 genitrici
1236 3661 1541 3737 Mariae;
1591 3661 1711 3725 sed
1754 3668 1826 3726 et
1873 3678 2082 3726 unum
2125 3661 2546 3745 praediolum
2594 3663 2665 3726 in
2709 3661 2958 3727 Croce-

877 3762 1034 3828 lade
1063 3762 1346 3827 ciuitate
1376 3763 1609 3840 situm,
1632 3761 1814 3845 quod
1841 3758 2096 3824 dudum
2123 3781 2276 3826 meo
2299 3761 2609 3845 praefato
2638 3761 2955 3826 dederam

873 3863 1291 3946 praeposito,
1311 3862 1511 3927 trado
1542 3869 1612 3926 et
1632 3860 1928 3926 concedo
1950 3860 2168 3926 eidem
2198 3868 2479 3926 sanctae
2501 3860 2770 3926 Mariae
2799 3882 2952 3946 per-

874 3971 1086 4046 petua
1138 3961 1582 4028 haereditate.
1709 3960 1784 4025 Si
1837 3961 1989 4044 quis
2046 3961 2257 4026 alium
2303 3960 2683 4026 libellulum
2735 3961 2952 4026 falsae

878 4061 1275 4145 cupiditatis
1326 4067 1740 4128 attramento
1789 4060 2302 4143 praetitulatum
2359 4068 2600 4126 contra
2641 4062 2849 4126 istum
2882 4063 2955 4128 in

876 4162 1107 4244 palam
1154 4162 1541 4246 protulerit,
1601 4180 1728 4225 nec
1781 4161 1910 4224 sibi
1965 4180 2092 4224 nec
2145 4179 2312 4225 suae
2359 4161 2674 4244 proficiat
2728 4163 2955 4226 auari-

876 4260 1038 4338 tiae,
1088 4261 1210 4325 sed
1264 4282 1308 4327 a
1363 4263 1597 4326 diuino
1646 4260 1738 4325 sit
1785 4261 1856 4324 in
1903 4268 2306 4344 perpetuum
2357 4261 2744 4344 perforatus
2802 4281 2958 4344 gra-

868 4359 1125 4443 phiolo,
1153 4362 1395 4445 etipse
1427 4381 1581 4427 meo
1602 4367 1814 4445 atque
1833 4380 2136 4426 meorum
2159 4359 2526 4428 interdictu
2554 4361 2953 4445 pontificum
