3552 5764
874 613 1221 663 annrAu
1270 616 1956 671 Anonosaxomcm.
2343 604 2474 669 193

374 767 587 833 clesia
630 770 933 837 alienare
961 776 1356 855 tentauerit,
1386 776 1725 843 alienetur
1752 778 1870 844 ille
1903 780 1974 843 in
2009 778 2120 844 die
2162 778 2397 843 iudicii
2427 798 2472 843 a

374 868 633 948 gaudio
684 872 987 953 coelesti,
1048 885 1120 941 et
1176 896 1437 961 poenas
1490 877 1739 943 inferni
1801 899 1955 945 cum
2019 880 2468 945 daemonibus

378 970 732 1036 sortiatur.

1125 1190 1715 1261 mcccxxxl.

1094 1330 1753 1401 HARDACNUT.

488 1468 567 1548 ›1‹
614 1467 1087 1537 HARDRONUT
1135 1494 1258 1538 rex
1292 1475 1679 1557 AEgelwiuo
1713 1484 1786 1542 et
1819 1476 2134 1541 omnibus
2166 1478 2469 1559 burgen-

380 1565 567 1631 sibus
612 1568 698 1632 de
752 1569 1079 1651 Tedford,
1131 1573 1445 1640 salutem.
1550 1575 1814 1641 Notum
1873 1576 2074 1641 uobis
2135 1578 2229 1641 sit
2283 1578 2462 1660 quod

383 1685 513 1747 ego
548 1668 709 1733 uolo
741 1679 812 1735 et
844 1674 1191 1757 praecipio
1226 1682 1304 1738 ut
1336 1675 1549 1741 abbas
1573 1676 2022 1742 AEvelstanus
2059 1676 2144 1740 de
2176 1676 2466 1742 Rames-

382 1766 491 1829 eia
534 1766 783 1835 habeat
832 1790 1139 1838 mansum
1180 1791 1381 1838 suum
1424 1776 1497 1841 in
1538 1776 1840 1841 Tedford
1885 1775 1984 1841 ita
2019 1776 2222 1859 plane
2252 1784 2323 1842 et
2366 1778 2467 1843 ita

381 1864 589 1931 libere
621 1870 801 1935 sicut
832 1870 1070 1938 habuit
1100 1874 1173 1938 in
1207 1874 1447 1939 diebus
1478 1874 1818 1942 cnutonis
1850 1877 2034 1959 regis
2063 1876 2464 1959 patrismei.

1107 2189 1738 2257 MCCCXXXII.

1002 2312 1600 2421 EXDWEARD,
1645 2343 1838 2407 1042.

634 2472 724 2537 IN
768 2474 1041 2538 nomine
1079 2474 1339 2540 domiui
1378 2476 1597 2540 nostri
1645 2475 1858 2541 Ihesu
1891 2475 2194 2543 Christi!
2300 2476 2466 2544 Om-

638 2573 745 2636 nis
788 2572 1060 2655 quidem
1109 2576 1456 2659 susceptio
1500 2584 1571 2641 et
1610 2576 1804 2641 datio
1851 2576 2280 2662 passionum¹
2325 2586 2463 2643 ter·

635 2692 865 2737 rarum
914 2673 1157 2739 melius
1196 2673 1578 2740 litterarum
1616 2677 1952 2760 exemplis
1999 2677 2462 2742 confirmanda

379 2772 492 2850 sit,
570 2792 656 2836 ue
726 2774 797 2836 in
876 2780 1225 2856 posterum
1298 2774 1549 2858 aliquis
1629 2778 2022 2842 testamenti
2102 2777 2460 2843 confirma-

378 2873 631 2938 tionem
700 2873 1026 2958 ignorans
1097 2873 1673 2960 praesumptionis
1738 2881 2100 2960 peccatum
2167 2877 2278 2942 uel
2351 2878 2456 2942 di·

376 2974 705 3058 reptionis
759 2975 1037 3040 incaute
1092 2975 1341 3040 crimen
1400 2975 1732 3040 incurrat.
1854 2974 2015 3054 Qua
2064 2975 2149 3040 de
2205 2995 2278 3039 re
2324 2997 2455 3058 ego

376 3072 755 3139 Eadweard
792 3093 941 3153 rex,
966 3074 1187 3157 regali
1222 3075 1439 3140 fretus
1476 3075 1834 3156 dignitate,
1867 3075 2169 3158 aliquam
2203 3082 2456 3140 terram

372 3173 645 3239 cuidam
702 3174 885 3239 fideli
938 3193 1091 3239 meo
1150 3175 1463 3240 ministro
1505 3175 1810 3240 uocitato
1861 3174 2131 3239 nomine
2183 3174 2459 3258 Ordgar

373 3293 579 3338 unam
619 3273 965 3340 dimidiam
1018 3293 1329 3340 mansam
1371 3273 1441 3338 in
1492 3273 1645 3339 loco
1687 3275 1808 3338 ubi
1849 3275 2109 3339 dictum
2159 3282 2264 3340 est
2305 3275 2455 3342 Lit-

370 3373 649 3451 tlebam,
684 3393 839 3439 cum
879 3375 1083 3459 sylua
1114 3375 1203 3440 ad
1244 3394 1321 3439 se
1362 3375 1743 3458 pertinente
1785 3375 1858 3438 in
1902 3374 2190 3440 australi
2232 3384 2450 3459 parte,

364 3475 433 3538 in
461 3473 953 3540 haereditatem
982 3494 1342 3559 perennem
1374 3475 1767 3558 impendere
1796 3476 2059 3540 curaui.
2141 3475 2248 3540 Sit
2280 3494 2448 3540 uero

365 3574 791 3656 praedictum
838 3595 959 3639 rus
1002 3575 1089 3639 ab
1139 3575 1323 3639 omni
1372 3574 1709 3640 saeculari
1750 3573 2122 3657 grauedine
2172 3594 2446 3659 expers,

366 3675 499 3739 nisi
534 3675 995 3758 expeditione,
1023 3676 1276 3759 pontis,
1311 3675 1580 3741 arcisue
1612 3674 2012 3740 munitione.
2113 3673 2444 3753 Quicum·

366 3793 501 3857 que
534 3774 667 3841 hoc
701 3776 1049 3841 decretum
1092 3775 1395 3840 minuere
1436 3793 1559 3840 seu
1604 3782 2064 3839 transmutare
2090 3775 2446 3858 satagerit,

361 3883 605 3940 noscat
652 3894 730 3940 se
776 3895 965 3940 reum
1010 3893 1163 3940 esse
1210 3875 1283 3939 iu
1322 3873 1433 3939 die
1478 3874 1711 3940 iudicii
1761 3893 1993 3939 coram
2047 3873 2325 3939 Christo
2374 3882 2445 3939 et

358 3975 615 4040 sanctis
660 3975 833 4042 eius.
933 3974 1153 4040 Terra
1197 3981 1430 4040 autem
1471 3975 1609 4039 ista
1650 3973 1759 4037 his
1803 3973 2113 4038 terminis
2157 3973 2442 4040 circum·

357 4075 585 4142 datur.
675 4073 799 4140 Dis
830 4074 1097 4159 syndon
1127 4065 1309 4141 offere
1336 4073 1610 4140 healfan
1642 4065 1807 4138 hide
1850 4063 2316 4156 landgemffiro
2349 4081 2440 4139 aet

358 4173 905 4260 Lytlauhamme.
1009 4175 1246 4241 AErest
1274 4194 1363 4240 on
1401 4171 1902 4252 Exaumfivam
1947 4178 2173 4239 Boane
2220 4165 2319 4258 ἥρ
2348 4193 2441 4239 on

356 4281 635 4360 stryem,
689 4277 777 4341 be
838 4281 1101 4342 uor’san
1158 4265 1702 4360 Lydewicuoesse
1762 4294 1856 4339 ou
1912 4279 2094 4340 ’Bone
2143 4279 2440 4340 norm-au

1254 4399 1269 4430 ¹
1303 4402 1387 4453 sic
1412 4402 1528 4455 MS.

363 4555 371 4563 .
435 4497 611 4548 ron.
648 4495 745 4544 vn.
2099 4494 2142 4541 o
