3552 5764
965 657 1308 708 omnus
1359 659 2042 709 AuomsAxochu.
2458 645 2549 708 99

1264 917 1723 986 MCGLXX.

1183 1035 1626 1149 namin,
1672 1070 1825 1135 970.

552 1212 639 1298 ›1‹
696 1213 1047 1281 annlmA
1101 1218 1370 1284 fortiter
1414 1218 1825 1284 detestanda
1875 1216 2239 1283 totillantis
2284 1216 2541 1282 saeculi

440 1313 717 1399 piacula
759 1315 930 1381 diris
975 1319 1354 1384 obscoenae
1404 1319 1919 1403 horrendaeque
1961 1319 2201 1383 mortis
2243 1318 2535 1382 circum-

441 1420 643 1500 septa
679 1415 1070 1496 latratibuS,
1115 1439 1254 1484 non
1297 1438 1424 1485 nos
1462 1421 1692 1503 patria
1727 1420 2054 1504 indeptae
2103 1420 2292 1503 pacis
2342 1437 2539 1482 secu-

441 1533 584 1592 ros,
615 1515 736 1580 sed
766 1519 968 1601 quasi
999 1519 1296 1584 foetidae
1330 1521 1762 1604 corruptelae
1796 1522 1870 1585 in
1902 1521 2307 1604 uoraginem
2340 1537 2536 1583 casu-

441 1633 560 1679 ros
592 1620 1035 1700 prouocando
1067 1626 1485 1698 ammonent,
1509 1628 1592 1685 ut
1621 1641 1706 1685 ea
1725 1627 1878 1686 toto
1900 1621 2149 1684 mentis
2177 1619 2536 1684 conamine

442 1733 602 1781 cum
653 1719 928 1784 casibus
983 1721 1130 1784 suis
1183 1739 1322 1785 non
1371 1721 1594 1786 solum
1656 1719 2095 1804 despiciendo
2150 1719 2269 1784 sed
2326 1720 2535 1783 etiam

443 1815 641 1882 uelut
685 1817 1114 1886 fastidiosam
1162 1820 1611 1886 melancoliae
1657 1839 1986 1886 nauseam
2031 1817 2537 1884 abhominando

443 1914 816 1999 fugiamus,
863 1921 1226 1986 tendentes
1278 1921 1368 1986 ad
1411 1921 1581 1986 illud
1627 1921 2124 2005 propheticum,
2180 1925 2201 1956 ‘
2229 1919 2536 1986 Diuitiae

442 2015 508 2080 si
561 2017 870 2098 affluant,
913 2021 1126 2086 nolite
1169 2041 1289 2087 cor
1340 2022 1728 2106 apponere?
1854 2020 2017 2101 Qua
2048 2021 2133 2085 de
2192 2039 2267 2084 re
2302 2020 2538 2084 infima

445 2118 651 2200 quasi
702 2121 1089 2206 peripsema
1135 2122 1662 2206 quisquiliarum
1710 2121 2055 2202 abiiciens,
2106 2139 2404 2204 superna
2448 2119 2537 2183 ad

445 2217 671 2282 instar
705 2222 1206 2304 praetiosorum
1243 2223 1598 2288 monilium
1633 2222 1921 2305 eligens,
1956 2222 2257 2286 animum
2292 2221 2538 2304 sempi-

449 2319 668 2384 ternis
711 2321 785 2384 in
832 2321 1106 2405 gaudiis
1157 2323 1401 2405 figens,
1457 2323 1546 2388 ad
1603 2322 2112 2407 adipiscendam
2168 2319 2539 2386 mellifluae

449 2417 829 2486 dulcedinis
910 2423 1449 2489 misericordiam
1533 2422 2149 2508 perfruendumque
2228 2422 2540 2486 infinitae

449 2517 756 2586 laetitiae
792 2523 1311 2603 iocunditatem,
1341 2543 1474 2608 ego
1517 2523 1822 2607 Eadgar,
1858 2544 1981 2608 per
2010 2521 2539 2606 omnipatrantis

449 2619 835 2702 dexteram,
899 2623 1118 2690 totius
1169 2623 1572 2690 Britanniae
1636 2625 1831 2707 regni
1892 2623 2067 2689 solio
2126 2621 2540 2700 sullimatus,

451 2723 800 2804 quandam
867 2725 1050 2789 ruris
1125 2725 1530 2809 particulam
1614 2741 1717 2790 .x.
1792 2724 2114 2789 uidelicet
2202 2729 2539 2800 cassatos,

451 2821 525 2885 in
579 2821 735 2889 loco
795 2825 916 2909 qui
975 2823 1228 2892 celebri
1279 2832 1372 2892 aet
1421 2825 1626 2892 Stoee
1681 2832 2124 2908 nuncupatur
2176 2822 2541 2899 uocabulo,

451 2930 738 2989 sanctae
800 2925 911 2991 dei
973 2925 1366 3007 aecclesiae,
1435 2927 1524 2993 ad
1589 2926 2043 2992 reuerentiam
2102 2924 2289 2988 beati
2346 2922 2539 2986 Petri

453 3024 926 3108 apostolorum
1009 3027 1360 3112 principis,
1433 3046 1696 3093 necnon
1778 3027 2023 3090 beatae
2098 3020 2544 3087 AEbeldri’Sae

451 3132 830 3209 perpetuae
884 3126 1174 3211 uirginis
1239 3128 1617 3204 dedicatae,
1680 3126 1835 3190 loco
1896 3124 2019 3208 qui
2077 3123 2328 3188 celebri
2383 3122 2543 3206 Elig

452 3236 892 3311 nuncupatur
942 3235 1287 3308 onomate,
1331 3229 1422 3292 ob
1465 3235 1787 3293 aeternae
1829 3222 2277 3290 beatitudinis
2319 3242 2543 3287 remu-

457 3328 904 3408 nerationem,
949 3335 1280 3414 perpetua
1325 3328 1620 3409 largitus
1659 3345 1813 3391 sum
1856 3323 2317 3398 haereditate;
2373 3342 2544 3407 qua-

453 3428 638 3492 tinus
685 3446 807 3493 rus
853 3430 1242 3513 praefatum
1293 3428 1383 3494 ad
1429 3446 1598 3493 usus
1647 3425 2136 3492 monachorum
2192 3424 2359 3488 inibi
2425 3423 2544 3488 de-

455 3530 789 3609 gentium,
857 3532 962 3596 uti
1023 3528 1496 3594 AEoelwoldus
1561 3528 1927 3611 episcopus
1998 3545 2125 3591 suo
2204 3524 2541 3589 famulatu

457 3629 777 3707 obtinuit,
821 3630 1069 3697 devote
1109 3630 1475 3695 deseruiat.
1568 3627 1940 3694 Praedicta
1975 3626 2293 3711 equidem
2338 3625 2543 3689 tellus

459 3748 614 3794 cum
672 3732 993 3799 omnibus
1053 3729 1484 3807 utensilibus,
1549 3727 1770 3812 pratis
1836 3727 2181 3802 uidelicet,
2242 3726 2543 3808 pascuis,

455 3827 860 3897 molendinis
915 3850 998 3896 ac
1045 3831 1478 3908 suburbanis,
1531 3828 1968 3913 supradictae
2019 3827 2277 3909 iugiter
2328 3826 2543 3890 subii-

459 3940 699 3995 ceatur
753 3930 1147 3998 aecclesiae.
1251 3930 1358 3996 Sit
1417 3937 1648 3997 autem
1701 3929 2129 4012 praedictum
2185 3944 2303 3991 rus
2358 3929 2543 3991 omni

365 4116 374 4125 ο
459 4038 774 4097 terrenae
819 4030 1176 4097 seruitutis
1214 4032 1380 4114 iugo
1418 4030 1732 4106 liberum,
1767 4029 1989 4093 tribus
2023 4026 2360 4109 exceptis,
2393 4034 2545 4092 rata

461 4131 780 4197 uidelicet
851 4131 1316 4216 expeditione,
1385 4130 1618 4215 pontis
1682 4128 1952 4194 arcisue
2016 4126 2542 4193 restauratione.

459 4231 536 4297 Si
595 4232 754 4316 quis
817 4234 1035 4316 igitur
1095 4232 1272 4297 hanc
1335 4238 1639 4296 nostram
1713 4229 2155 4294 donationem
2220 4228 2295 4291 in
2356 4228 2543 4294 aliud

457 4351 666 4417 quam
713 4332 1196 4399 constituimus
1248 4330 1614 4398 transferre
1659 4329 1981 4406 uoluerit,
2020 4326 2334 4414 priuatus
2380 4349 2544 4394 con-

459 4436 673 4501 sortio
732 4441 1016 4501 sanctae
1077 4433 1188 4499 dei
1253 4433 1648 4511 aecclesiae,
1713 4430 2010 4497 aeternis
2069 4428 2377 4494 barathri
2443 4430 2547 4494 in-

2176 4554 2210 4589 u
2235 4543 2267 4589 2
