3552 5764
922 602 1267 652 cflAams
1310 604 2002 655 ANGmSAonmAB.
2374 590 2504 653 145

406 756 777 842 Εδοῐῐιιιίς
822 761 1151 827 minister.
1263 764 1342 845 *1⁴
1384 763 1536 846 Ego
1594 762 1916 847 AElfuuig
1965 764 2294 829 minister.
2407 766 2486 847 *1⁴

402 857 552 941 Ego
586 859 946 928 AElfuuine
977 862 1306 929 minister.
1408 866 1487 947 ›1‹
1535 863 1691 946 Ego
1721 863 1977 929 Eadric
2011 864 2341 930 minister.

1176 1160 1709 1228 Mccxcvll.

1066 1308 1587 1389 AEDELRED,
1624 1309 1822 1375 1002.

504 1459 583 1540 *1⁴
640 1456 1052 1524 RBGNANTB
1100 1458 1603 1543 imperpetuum
1654 1457 1937 1523 domino
1985 1464 2220 1523 nostro
2278 1457 2486 1524 Ihesu

402 1554 719 1622 Christo!
826 1558 1114 1624 Cunctis
1146 1560 1431 1643 sophiae
1476 1558 1783 1624 studium
1827 1557 2038 1623 ferme
2081 1559 2486 1625 rimantibus

396 1656 625 1721 stabili
650 1664 888 1723 notum
938 1666 1210 1725 constat
1257 1660 1547 1737 ratione,
1593 1658 1778 1742 quod
1826 1659 2205 1741 praesentis
2255 1678 2482 1723 essen-

392 1756 530 1821 tiae
594 1758 917 1841 periculis
991 1760 1475 1825 incubantibus
1546 1766 1619 1823 et
1679 1758 1864 1823 curis
1933 1760 2483 1825 euanescentium

390 1874 613 1921 rerum
662 1859 1013 1942 inopinate
1059 1859 1665 1936 crebrescentibuS,
1729 1857 2032 1923 humana
2087 1859 2481 1925 mortalium

391 1974 615 2022 rerum
682 1960 985 2041 cognitio
1040 1960 1241 2042 quasi
1295 1978 1411 2023 ros
1460 1957 1823 2023 minuendo
1873 1957 2167 2022 elabitur
2233 1966 2304 2023 et
2361 1961 2483 2024 ob-

384 2054 625 2121 liuioni
666 2060 1065 2125 tantundem
1121 2059 1441 2136 traditur,
1490 2058 1624 2122 nisi
1685 2058 1922 2140 aliqua
1978 2064 2168 2122 certa
2213 2058 2480 2125 ratione

385 2164 853 2237 praenotetur,
893 2159 1055 2243 qnia
1092 2178 1232 2223 non
1270 2167 1435 2223 sunt
1480 2165 1765 2222 aeterna
1809 2175 1988 2239 quae
2039 2156 2150 2221 hic
2193 2160 2472 2242 conspi-

388 2256 663 2321 ciuntur
720 2258 840 2323 sed
907 2266 1227 2340 terrena;
1294 2264 1375 2323 ut
1440 2258 1743 2322 imbutus
1808 2276 2118 2321 sermone
2159 2260 2470 2324 tonantis

389 2358 743 2439 apostolus
768 2359 1012 2442 inquit,
1033 2364 1054 2393 ‘
1082 2358 1294 2423 Nunc
1314 2357 1509 2423 uelut
1528 2358 1771 2422 umbra
1794 2358 1934 2422 cito
1968 2356 2069 2421 sic
2101 2376 2470 2441 corporeae

388 2454 661 2538 fugiunt
690 2477 825 2536 res,
854 2458 977 2524 sed
1008 2458 1217 2523 decus
1267 2464 1619 2523 aeternum
1670 2456 1803 2521 hoc
1849 2456 2005 2521 uisu
2043 2463 2189 2521 stat
2218 2458 2471 2525 certius

388 2557 618 2623 omni.’
724 2557 892 2623 Ideo
939 2578 1069 2641 ego
1102 2558 1512 2623 AEsselredus
1559 2576 1711 2635 τοι,
1767 2555 2155 2639 Anglorum
2201 2557 2468 2625 telluris

386 2657 805 2737 gubernator
847 2666 917 2723 et
945 2666 1193 2737 rector,
1224 2658 1493 2724 cuidam
1528 2676 1681 2722 meo
1713 2655 1899 2721 fideli
1941 2656 2254 2722 ministro
2285 2661 2469 2723 uoci-

386 2762 529 2821 tato
576 2758 851 2823 nomine
880 2758 1243 2835 AElfhelm‚
1285 2757 1587 2840 aliquam
1637 2756 2020 2840 portionem
2065 2764 2290 2822 terrae
2340 2778 2466 2841 pro

386 2874 507 2921 suo
537 2858 863 2942 placabili
890 2858 1207 2942 pecunia,
1240 2858 1310 2923 id
1342 2864 1455 2923 est
1475 2863 1745 2924 centum
1789 2856 2294 2939 quinquaginta
2327 2858 2465 2924 duo

384 2976 747 3026 mancusas
780 2961 936 3042 puri
964 2959 1137 3036 auri,
1177 2958 1570 3042 perenniter
1601 2962 1826 3020 mente
1855 2955 2106 3020 deuota
2137 2956 2458 3033 concedo,

382 3055 447 3119 id
484 3065 591 3122 est
622 3075 711 3122 Ν.
746 3079 1022 3124 mansas
1063 3059 1205 3123 illic
1236 3058 1353 3122 ubi
1396 3055 1695 3138 Anglica
1723 3053 2188 3138 appellatione
2212 3054 2463 3120 dicitur

384 3163 473 3221 aet
496 3156 1080 3242 Cusseringcoton,
1108 3157 1329 3224 utillo
1350 3156 1700 3239 praedicto
1734 3154 2082 3219 territorio
2099 3155 2248 3219 uoti
2277 3175 2460 3220 com-

384 3275 509 3338 pos
538 3259 687 3322 uita
715 3259 1107 3342 perfruatur
1142 3257 1429 3337 comite3
1475 3261 1548 3321 et
1574 3261 1736 3338 post
1762 3254 2022 3319 obitum
2073 3254 2207 3318 sibi
2245 3273 2288 3318 a
2330 3255 2458 3321 deo

380 3358 769 3438 praeuisum
801 3360 1344 3442 quibuscumque
1378 3355 1677 3421 uoluerit
1704 3354 2133 3431 cleronomia,
2162 3373 2316 3418 cum
2353 3355 2460 3421 his

376 3457 579 3522 rebus
621 3477 801 3542 quae
847 3459 935 3524 ad
979 3457 1263 3523 eandem
1308 3464 1559 3521 terram
1612 3455 1954 3539 pertinere
1985 3453 2457 3536 dinoscuntur,

376 3563 513 3621 tam
546 3559 617 3622 in
660 3559 931 3641 magnis
959 3578 1167 3641 quam
1200 3556 1270 3620 in
1305 3556 1625 3632 minimis,
1654 3554 1939 3637 campis,
1968 3554 2265 3637 pascuis,
2295 3574 2455 3638 pra-

381 3657 493 3734 tis,
524 3657 741 3736 siluiS,
784 3660 1128 3722 inmunem
1164 3657 1254 3721 ad
1300 3656 1657 3721 fruendum
1692 3654 2143 3739 derelinquat.
2248 3652 2456 3720 Prae-

376 3755 601 3822 fatum⁴
638 3758 973 3841 siquidem
1022 3777 1142 3822 rus
1186 3758 1372 3822 omni
1420 3755 1703 3822 seruitio
1736 3761 1970 3819 careat
2015 3759 2289 3838 praeter
2327 3774 2452 3819 ex-

372 3857 807 3938 peditionem,
874 3858 1105 3942 pontis
1162 3864 1233 3922 et
1300 3857 1477 3920 arcis
1540 3855 1909 3920 munimen.
2014 3852 2166 3936 Ego
2222 3860 2449 3919 autem

374 3955 793 4022 AElfhelmus
850 3956 1026 4022 hanc
1084 3955 1547 4041 supradictam
1606 3961 1858 4019 terram
1925 3971 2103 4036 quae
2159 3962 2450 4019 uocatur

372 4053 863 4140 Cubingcoton,
910 4077 1067 4122 cum
1117 4056 1431 4121 omnibus
1487 4055 1574 4118 ad
1621 4073 1696 4118 se
1736 4055 1870 4118 rite
1925 4052 2446 4136 pertinentibus,

368 4156 497 4222 deo
524 4167 595 4222 et
628 4163 873 4222 sancto
895 4156 1168 4223 Albano
1202 4175 1328 4240 pro
1362 4153 1828 4239 redemptione
1852 4151 2198 4218 animulae
2227 4173 2444 4234 meae,

368 4255 569 4322 sicuti
615 4277 771 4323 eam
813 4256 1023 4323 habui
1057 4276 1100 4321 a
1132 4275 1319 4339 rege,
1352 4275 1509 4322 cum
1549 4273 1888 4320 consensu
1939 4271 2066 4316 suo
2115 4272 2198 4317 ac
2249 4256 2445 4320 testi-

370 4358 594 4421 monio
626 4359 1171 4442 optimatumque
1218 4354 1429 4433 illius,
1476 4355 1549 4420 in
1604 4361 1938 4439 perpetua
1988 4355 2446 4437 possessione,

462 4473 627 4521 rou.
670 4475 766 4522 v1.
2107 4471 2149 4516 1.
