3552 5764
1102 617 1192 686 82
1610 635 1951 684 ossum:
1994 633 2673 684 Axomssxomcau.

1113 790 1512 875 supradicta
1561 797 1748 856 terra
1796 791 1889 856 sit
1936 790 2227 856 liberata
2276 791 2367 856 ab
2404 790 2589 856 omni
2634 789 2893 855 tributo
2940 786 3185 872 regali,

1114 890 1464 974 uectigali,
1497 891 1647 956 siue
1677 891 1861 956 notis
1906 891 2056 954 siue
2092 890 2371 973 ignotis,
2405 887 2683 956 maioris
2726 888 2841 954 uel
2876 889 3183 967 minoris,

1114 990 1442 1075 quamdiu
1483 990 1855 1056 christiana
1894 990 2062 1055 fides
2104 991 2177 1054 iu
2220 990 2421 1055 terris
2463 997 2799 1056 seruatur.
2908 985 2986 1053 Si
3028 988 3185 1072 quis

1113 1091 1289 1155 hanc
1319 1090 1857 1156 benedictionem
1894 1088 2239 1172 largitatis
2265 1109 2521 1173 augere
2552 1089 2680 1154 deo
2710 1089 3026 1166 uoluerit,
3056 1105 3187 1153 sua

1113 1191 1298 1255 bona
1355 1191 1427 1254 in
1483 1189 1764 1255 coelesti
1817 1209 2033 1272 regno
2074 1198 2461 1274 augeantur
2506 1195 2579 1255 et
2624 1188 3185 1272 multiplicentur.

1116 1289 1210 1354 Et
1257 1290 1378 1372 qui
1425 1288 1603 1354 hanc
1645 1290 2083 1354 donationem
2126 1308 2347 1356 meam
2390 1289 2831 1372 temptauerit
2870 1287 3189 1369 frangere

1115 1394 1240 1454 aut
1283 1388 1680 1466 diminuere,
1733 1387 2099 1456 anathema
2142 1389 2236 1454 sit
2274 1397 2628 1455 marenata
2674 1389 2749 1452 in
2792 1387 2906 1452 die
2954 1386 3187 1452 iudicii

1115 1495 1276 1553 ante
1309 1489 1609 1554 tribunal
1643 1487 1924 1567 Christi,
1950 1488 2084 1554 nisi
2114 1496 2274 1554 ante
2292 1507 2447 1554 cum
2472 1487 2941 1554 satisfactione
2960 1506 3189 1552 emen-

1115 1587 1405 1652 dauerit.
1507 1587 1761 1654 Actum
1794 1595 1901 1654 est
1928 1587 2059 1653 hoc
2086 1607 2269 1654 anno
2298 1589 2387 1654 ab
2424 1587 2894 1654 incarnatione
2928 1587 3189 1653 domini

1115 1687 1332 1753 nostri
1365 1687 1576 1752 Ihesn
1606 1687 1867 1754 Christi
1906 1684 2477 1774 ‚nooo[c].1.xvu.
2522 1687 2892 1753 indictione
2920 1703 3070 1752 ἂν.

1230 1789 1309 1870 4
1351 1786 1505 1869 Ego
1533 1787 1897 1871 Eadgarus
1936 1807 2063 1852 rex
2094 1787 2274 1853 hanc
2304 1788 2639 1854 cartulam
2676 1787 2879 1869 signo
2908 1793 3189 1852 sanctae

1115 1886 1336 1952 crucis
1393 1885 1650 1952 Christi
1699 1887 2137 1953 corroboraui
2194 1893 2267 1952 et
2314 1886 2713 1954 confirmaui
2760 1887 3191 1952 consentiens

1117 1991 1190 2051 et
1225 1987 1620 2069 subscripsi,
1661 1994 1734 2052 et
1778 1993 2088 2052 caeteros
2132 1993 2345 2052 testes
2390 1987 2671 2054 idoneos
2707 1991 2788 2050 ut
2834 1986 2923 2050 ad
2962 1987 3189 2070 ipsum

1119 2090 1402 2167 agerent
1459 2085 1740 2150 adhibui
1800 2105 2092 2168 quorum
2148 2087 2427 2152 nomina
2473 2087 2655 2152 infra
2704 2085 2960 2170 scripta
3006 2092 3189 2151 sunt.

1130 2186 1211 2267 4
1254 2184 1406 2266 Ego
1440 2184 1596 2249 Odo
1622 2183 2177 2269 archiepiscopus
2208 2187 2521 2252 consensi
2545 2191 2619 2250 et
2640 2185 3036 2270 subscripsi.
3100 2188 3179 2269 4

1123 2283 1274 2366 Ego
1305 2283 1672 2349 Wolfhere
1696 2284 1869 2350 dux.
1978 2285 2059 2366 4
2093 2284 2247 2368 Ego
2276 2283 2663 2352 Beorhtwlf
2681 2285 2847 2350 dux.
2922 2287 3003 2368 4
3036 2283 3191 2368 Ego

1123 2379 1503 2448 Brihtwald
1535 2379 1702 2450 dux.
1816 2386 1895 2467 4
1934 2379 2089 2466 Ego
2116 2383 2441 2450 Ealhferd
2476 2385 2841 2468 episcopus
2876 2385 3189 2450 consensi

1120 2488 1192 2546 et
1223 2482 1614 2566 subscripsi.
1696 2485 1775 2566 4
1810 2483 1963 2566 Ego
1996 2481 2230 2550 Mucel
2256 2484 2425 2552 dux.
2512 2485 2591 2566 4
2624 2484 2778 2567 Ego
2804 2483 3187 2550 Eastmund

1119 2579 1289 2646 dux.
1401 2583 1480 2664 4
1523 2582 1676 2666 Ego
1714 2581 2075 2648 Eadmund
2121 2584 2482 2667 episcopus
2534 2583 2851 2650 consensi
2905 2589 2978 2649 et
3028 2585 3191 2648 sub-

1121 2679 1384 2762 scripsi.
1501 2683 1582 2764 4
1643 2681 1795 2763 Ego
1846 2681 2227 2747 AEiselwulf
2264 2683 2431 2747 dux.
2561 2685 2641 2766 4
2700 2683 2971 2748 AElfred
3016 2683 3186 2748 dux.

1133 2778 1215 2862 4
1274 2778 1578 2844 AElfstan
1624 2781 1795 2845 dux.
1929 2781 2008 2862 4
2060 2781 2377 2852 Wulfred
2430 2782 2599 2847 dux.
2736 2784 2815 2865 4
2873 2782 3189 2848 Werfred

1123 2876 1291 2945 dux.
1401 2881 1480 2963 4
1523 2877 1801 2945 Garwlf
1818 2880 2148 2947 minister.
2261 2882 2340 2965 4
2384 2880 2724 2947 Ea‘lheard
2756 2884 2990 2947 abbas.
3103 2885 3182 2966 4

1125 2975 1512 3044 AEsselward
1545 2982 1925 3063 presbyter.
2006 2982 2085 3063 4
2118 2982 2403 3047 AEcbert
2432 2981 2760 3047 minister.
2847 2983 2926 3064 4
2962 2982 3192 3048 Wulf-

1124 3076 1306 3142 belm
1346 3078 1671 3145 minister.
1784 3080 1863 3161 4
1918 3077 2272 3146 AEsselstan
2311 3082 2553 3163 presby
2562 3088 2688 3146 ter.
2799 3083 2879 3164 4
2916 3080 3194 3165 AEgfrid

1125 3177 1452 3242 minister.
1563 3180 1642 3261 4
1685 3177 1881 3244 Acca
1909 3180 2239 3245 minister.
2348 3180 2427 3262 4
2466 3179 2633 3245 AEla
2664 3180 2994 3246 minister.
3105 3182 3184 3264 4

1126 3275 1416 3359 Wynsie
1445 3278 1774 3343 minister.
1886 3279 1966 3360 4
2006 3278 2275 3344 AElfred
2307 3279 2636 3345 minister.

1982 3573 2355 3642 mcclx,

1850 3690 2484 3802 Einoin‚mw.

1238 3866 1317 3947 4
1348 3864 1437 3930 ln
1469 3865 1742 3931 nomine
1771 3863 2031 3933 domini
2050 3870 2267 3935 nostri
2291 3870 2502 3937 Ihesu
2526 3872 2823 3940 Christi!
2884 3871 3091 3943 Anno
3111 3878 3201 3943 ab

1129 3964 1595 4030 incarnatione
1623 3964 1879 4031 domini
1916 3969 2131 4033 nostri
2165 3967 2375 4037 Ihesu
2404 3970 2661 4038 Christi
2696 3991 3199 4041 .ncccc.1.xvu.

1129 4062 1502 4129 indictione
1531 4080 1634 4131 .x.
1680 4085 1813 4148 ego
1844 4066 2145 4151 Eadgar,
2177 4069 2411 4137 diuina
2458 4072 2921 4141 allubescente
2952 4078 3203 4159 gratia,

1133 4181 1257 4226 rex
1333 4171 1404 4227 et
1475 4165 1897 4248 primicerius
1968 4164 2374 4251 Anglomm,
2452 4172 2951 4256 aliquantulam
3026 4176 3203 4241 ruris

1131 4268 1398 4342 partem
1443 4265 1532 4328 ab
1587 4265 1838 4330 accolis
1888 4268 2317 4335 aestimatam
2367 4272 2883 4352 mansiunculis,
2926 4276 2997 4338 in
3048 4275 3205 4341 loco

1133 4359 1252 4442 qui
1297 4360 1546 4426 dicitur
1587 4371 1680 4428 sot
1734 4363 2212 4447 Bragenfelda,
2269 4388 2421 4435 meo
2455 4372 2688 4437 comiti
2735 4373 3203 4453 Boon-muoso,
