3552 5764
1041 595 1378 646 onasus
1422 597 2105 653 Aucmsaxomcass.
2504 587 2587 650 91

1329 856 1779 924 Μοοωῑν.

1237 965 1673 1085 niman,
1718 1006 1873 1074 968.

630 1158 709 1239 ›1‹
749 1154 1066 1220 ΟΜΝιυΜ
1118 1153 1432 1220 conditor
1476 1163 1971 1234 creaturarum,
2014 1173 2170 1222 cum
2220 1156 2291 1220 in
2338 1155 2587 1222 consti-

525 1257 784 1322 tutione
827 1255 1180 1337 uergentis
1223 1254 1460 1319 mundi
1513 1262 1764 1321 cuncta
1812 1264 2117 1322 creasset
2166 1273 2257 1320 ex
2312 1255 2589 1334 nichilo,

523 1363 968 1438 coeptamque
1001 1353 1109 1417 sui
1133 1353 1358 1437 operis
1383 1354 1863 1438 perfectionem
1894 1361 2099 1420 sexto
2120 1355 2231 1420 die
2258 1355 2593 1439 comples-

527 1461 652 1531 set,
684 1454 1010 1519 adiuncto
1039 1461 1322 1522 sanctae
1351 1455 1682 1520 trinitatis
1723 1454 2088 1531 uocabulo,
2117 1455 2365 1537 inquit,
2406 1461 2427 1490 ⁸
2454 1454 2591 1518 Fa-

527 1553 782 1618 ciamus
821 1553 1162 1618 hominem
1217 1553 1306 1618 ad
1359 1553 1728 1635 imaginem
1769 1561 1843 1622 et
1879 1554 2392 1620 similitudinem
2427 1571 2591 1618 nos·-

527 1653 750 1718 tram.’
849 1653 960 1718 De
993 1653 1186 1718 cuius
1231 1652 1632 1718 dormientis
1672 1653 1889 1720 latere
1928 1671 2087 1718 cum
2128 1654 2589 1720 substractam

525 1761 786 1818 costam
847 1760 1276 1836 procreasset
1337 1753 1413 1818 in
1465 1752 1855 1830 foeminam,
1905 1771 2195 1836 eamque
2255 1753 2329 1818 in
2388 1752 2588 1820 adiu-

527 1854 778 1919 torium
809 1852 1027 1918 eidem
1061 1851 1486 1930 adduxisset,
1527 1853 1811 1920 uocauit
1838 1871 2088 1918 nomen
2119 1852 2267 1918 eius
2301 1852 2593 1935 Uirago‚

529 1971 730 2036 quam
771 1957 1052 2036 sumpta
1091 1958 1199 2016 est
1230 1951 1316 2015 de
1349 1951 1500 2018 uiro
1538 1971 1691 2018 sno.
1795 1950 2238 2036 Quapropter
2272 1952 2595 2036 quicquid

531 2050 912 2136 adquiritur
940 2049 1333 2116 desudando
1349 2051 1688 2134 fragilitas
1714 2051 1849 2116 uiri
1869 2052 2073 2117 datur
2087 2051 2416 2118 fecundae
2434 2070 2592 2119 con-

529 2151 723 2234 iugii,
753 2150 1328 2234 procreandisque
1365 2150 1526 2216 filiis
1565 2157 1640 2218 et
1668 2151 1983 2218 fidelibus
2020 2151 2279 2227 seruis3
2326 2157 2398 2218 et
2428 2151 2489 2216 si
2522 2151 2593 2216 in

533 2257 800 2318 tantum
825 2249 1136 2333 diligitur
1161 2249 1434 2316 dilectio
1463 2251 1711 2330 carnis,
1739 2251 1959 2318 multo
1986 2251 2212 2334 magis
2238 2250 2456 2318 amari
2482 2251 2597 2316 de·

531 2351 730 2416 betur
759 2369 952 2416 amor
981 2350 1247 2416 aeterni
1274 2351 1480 2432 regis,
1509 2351 1627 2434 qui
1654 2350 1779 2417 dat
1804 2351 1919 2418 cui
1946 2349 2100 2418 uult
2128 2350 2330 2429 filios,
2357 2369 2594 2416 seruos

533 2469 614 2518 ac
650 2450 926 2526 liberos,
963 2455 1382 2534 cunctosque
1425 2469 1552 2515 sue
1597 2459 1766 2516 nutu
1812 2450 1936 2516 alit
1980 2457 2053 2516 et
2098 2469 2403 2516 crescere
2442 2469 2596 2533 per-

533 2549 766 2616 mittit.
869 2548 1071 2614 Unde
1109 2567 1243 2632 ego
1287 2549 1566 2633 Eadgar
1612 2551 1841 2633 gratia
1893 2551 2003 2616 dei
2042 2547 2427 2632 Anglorum
2471 2569 2599 2618 rex

531 2649 882 2734 pacificus,
947 2665 1102 2716 meo
1157 2649 1428 2714 cuidam
1502 2650 1815 2716 ministro
1878 2658 2268 2732 nuncupato
2324 2651 2598 2716 nomine

534 2749 919 2825 AElfuuino‚
971 2767 1099 2832 pro
1149 2765 1276 2814 suo
1325 2748 1507 2815 fideli
1547 2748 1855 2827 seruitio,
1909 2749 2183 2816 tradens
2240 2749 2440 2815 trado
2492 2765 2596 2818 .x.

533 2847 855 2917 uidelicet
901 2865 1202 2927 mansas,
1248 2849 1321 2914 in
1369 2846 1524 2915 loco
1589 2851 1705 2915 cui
1753 2855 2219 2916 antecessores
2264 2847 2601 2917 ruricolae

535 2950 1007 3034 imposuerunt
1061 2968 1308 3013 nomen
1365 2948 1715 3026 Boxoran,
1771 2949 1900 3015 tali
1958 2948 2281 3014 uidelicet
2343 2956 2601 3027 tenore,

540 3056 617 3114 ut
657 3055 818 3132 post
862 3048 972 3113 sui
1001 3047 1516 3115 dissolutionem
1565 3048 1891 3131 corporis,
1934 3048 2313 3130 cuicunque
2366 3047 2600 3131 placu-

539 3148 670 3215 erit
751 3148 972 3215 amico
1047 3148 1120 3213 in
1201 3154 1604 3231 perpetuam
1681 3146 2013 3213 concedat
2091 3146 2602 3213 haereditatem.

541 3247 908 3313 Praedicta
949 3248 1165 3330 igitur
1199 3246 1368 3313 uilla
1407 3248 1496 3315 ab
1528 3246 1714 3313 omni
1753 3246 2089 3313 saeculari
2126 3246 2409 3313 seruitio
2450 3266 2606 3331 per-

543 3354 818 3413 maneat
877 3345 1220 3425 absoluta,
1254 3364 1440 3411 cum
1491 3346 1805 3413 omnibus
1870 3346 2003 3411 sibi
2066 3346 2426 3429 impositis,
2486 3364 2605 3411 ex-

541 3448 760 3531 ceptis
803 3447 1044 3525 tribus,
1090 3445 1409 3533 populari
1455 3446 1914 3533 expeditione,
1956 3446 2189 3513 uiatici
2226 3445 2455 3530 pontis
2496 3464 2604 3511 re·

541 3546 985 3623 stauratione,
1015 3548 1248 3629 reg-iao
1278 3547 1456 3613 arcis
1490 3547 2022 3613 constructione.
2123 3545 2199 3611 Si
2231 3546 2387 3629 quis
2414 3564 2604 3626 ergo,

543 3646 840 3713 inuidiae
857 3646 1150 3713 stimulis
1176 3646 1591 3724 stimulatus,
1613 3647 1743 3712 hoc
1763 3666 1989 3713 meum
2012 3644 2265 3710 donum
2284 3644 2609 3713 inuadere

546 3746 1006 3830 temptauerit,
1033 3745 1128 3811 sit
1153 3746 1543 3825 anathema,
1572 3744 1702 3811 hoc
1730 3754 1861 3824 est,
1896 3745 2234 3813 alienatus
2262 3764 2307 3809 a
2330 3762 2611 3809 consor-

549 3846 642 3913 tio
686 3846 1253 3923 Christianorum,
1291 3845 1426 3911 nisi
1471 3846 1560 3910 ad
1605 3844 2141 3911 satisfactionem
2182 3863 2337 3911 cum
2379 3843 2609 3911 fructu

550 3944 1006 4029 poenitentiae
1047 3944 1282 4010 uenire
1321 3944 1768 4011 festinauerit.
1860 3943 2189 4010 Praefata
2230 3963 2400 4010 uero
2428 3950 2616 4013 terra

552 4044 700 4111 istis
759 4044 1032 4111 uidetur
1105 4044 1410 4109 terminis
1465 4044 1993 4128 circumgyrata.
2130 4042 2253 4107 Dis
2318 4044 2471 4109 sind
2526 4040 2614 4110 Ba

551 4132 1013 4228 landgemffira
1045 4135 1120 4209 t6
1156 4145 1508 4210 Boxoran.
1612 4143 1850 4209 AErest
1880 4151 1975 4209 aet
2007 4142 2270 4209 Uuines
2305 4134 2607 4219 tre‘6we3

549 4248 690 4309 saet
747 4243 1055 4327 andlang
1112 4243 1453 4329 herpaves
1500 4232 1579 4308 t6
1627 4244 2031 4328 denepytte3
2100 4240 2322 4307 Rauen
2372 4235 2472 4326 {ip
2526 4262 2617 4307 on

557 4332 963 4409 AEscmffires
1013 4343 1322 4409 hammes
1376 4334 1886 4420 siisseuuearde3
1949 4344 2030 4410 of
2077 4333 2231 4409 siim
2291 4342 2615 4409 hammun
