3552 5764
1024 589 1156 656 ΒΘ
1515 604 1862 654 CHARTAR
1910 602 2604 653 ANGLOSAxoNJcAB.

1026 760 1664 828 sanctimonialibus
1698 761 2067 840 constitui3
2113 769 2185 826 et
2214 762 2276 826 si
2304 761 2623 827 Christus
2656 761 2825 828 mihi
2856 763 3106 829 tamdiu

1025 865 1244 928 uitam
1283 863 1723 942 concesserit,
1775 881 1997 946 usque
2048 862 2139 926 ad
2187 863 2833 947 quinquagesimum
2882 864 3110 930 remis-

1027 965 1241 1029 sionis
1271 981 1627 1029 numerum
1663 981 1859 1027 meae
1888 961 2181 1028 deuotae
2213 963 2344 1028 deo
2388 963 2893 1029 munificentiae
2922 964 3109 1030 obla-

1031 1065 1289 1129 tionem
1339 1063 1749 1147 protendere
1796 1063 2093 1128 decreui.
2200 1062 2405 1127 Unde
2444 1064 2725 1128 nuncin
2768 1065 3112 1148 praesenti

1031 1166 1524 1230 monasterium
1573 1164 1757 1246 quod
1817 1163 2213 1246 praedictus
2270 1165 2691 1229 reuerendus
2754 1166 3111 1249 episcopus

1033 1264 1403 1330 Oswaldus
1445 1266 1518 1330 in
1562 1264 1724 1329 sede
1755 1264 2135 1347 episcopali
2168 1264 2729 1330 Weorceceastre
2758 1263 2832 1328 in
2860 1265 3112 1330 honore

1029 1371 1317 1432 sanctae
1345 1365 1454 1430 dei
1485 1365 1839 1448 genitricis
1866 1363 2160 1442 Mariae,
2185 1364 2657 1448 amplificauit,
2686 1371 2780 1443 et,
2807 1365 3113 1432 elimina·

1029 1467 1118 1532 tis
1147 1465 1550 1532 clericorum
1579 1464 1846 1530 naeniis
1880 1473 1951 1530 et
1981 1466 2249 1548 spurcis
2280 1465 2610 1544 lasciuiis,
2636 1465 2979 1548 religiosis
3004 1467 3111 1532 dei

1029 1566 1250 1632 seruis
1300 1565 1678 1644 monachiS,
1710 1585 1867 1630 meo
1900 1585 2238 1630 consensu
2272 1573 2341 1631 et
2370 1565 2611 1632 fauore
2640 1565 2987 1645 suffultus,
3019 1567 3115 1632 lo-

1031 1668 1257 1742 cauit3
1295 1685 1428 1749 ego
1457 1667 1630 1750 ipsis
1663 1666 2088 1732 monasticae
2118 1666 2470 1749 religionis
2504 1666 2673 1732 uiris
2702 1667 2923 1750 regali
2956 1686 3111 1732 auc-

1031 1769 1316 1834 toritate
1342 1766 1695 1845 confirmo,
1717 1773 1790 1832 et
1808 1766 2098 1832 consilio
2120 1773 2192 1832 et
2212 1767 2706 1850 astipulatione
2726 1767 3111 1851 principum

1030 1876 1100 1934 et
1147 1869 1558 1951 optimatum
1601 1886 1911 1932 meorum
1966 1868 2334 1932 corroboro
2372 1875 2445 1932 et
2495 1868 2846 1951 consigno,
2890 1869 2995 1933 ita
3034 1877 3111 1933 ut

1029 1969 1168 2034 iam
1203 1967 1498 2052 amplius
1531 1987 1670 2034 non
1716 1968 1810 2034 sit
1840 1966 1949 2033 fas
1984 1987 2205 2051 neque
2240 1969 2349 2034 ius
2392 1967 2657 2034 clericis
2698 1967 3113 2034 reclamandi

1031 2071 1398 2154 quicquam
1426 2068 1625 2144 inde;
1673 2069 1931 2153 quippe
1972 2068 2091 2152 qui
2135 2069 2359 2151 magis
2408 2066 2789 2151 elegerunt,
2817 2087 2975 2134 cum
3006 2069 3115 2134 sui

1032 2170 1289 2235 ordinis
1339 2169 1646 2252 periculo
1695 2175 1768 2234 et
1823 2168 2315 2234 aecclesiastici
2366 2167 2679 2235 beneficii
2735 2168 3113 2253 dispendio,

1031 2271 1176 2335 suis
1225 2270 1562 2336 uxoribus
1608 2268 1981 2334 adhaerere
2028 2288 2239 2352 quam
2280 2268 2409 2334 deo
2447 2276 2639 2334 caste
2688 2277 2761 2334 et
2787 2270 3113 2336 canonice

1034 2370 1318 2435 seruire.
1421 2369 1517 2435 Et
1540 2370 1696 2435 ideo
1729 2377 1981 2436 cuncta
2027 2388 2207 2452 quae
2235 2368 2341 2434 illi
2385 2367 2471 2434 de
2504 2368 2841 2452 aecclesia
2878 2389 3112 2454 posse-

1032 2469 1278 2535 derant
1305 2489 1463 2534 cum
1497 2469 1650 2553 ipsa
1677 2469 2038 2548 aecclesia,
2062 2469 2210 2534 siue
2242 2469 2755 2536 aecclesiastica
2785 2471 2935 2534 siue
2964 2489 3113 2535 sae-

1032 2569 1316 2648 cularia,
1357 2577 1501 2635 tam
1544 2569 1828 2634 mobilia
1854 2587 2063 2654 quam
2104 2570 2481 2635 immobilia
2520 2571 2689 2654 ipsis
2744 2570 2853 2636 dei
2900 2571 3113 2636 seruis

1032 2669 1385 2735 monachis
1437 2671 1525 2734 ab
1576 2670 1708 2734 hac
1757 2667 1871 2734 die
1919 2669 2411 2753 perpetualiter
2453 2672 2684 2754 regiae
2726 2671 3116 2737 munificen-

1031 2771 1238 2853 [tiae]
1268 2771 1418 2836 iure
1447 2770 1770 2853 deinceps
1810 2769 2223 2855 possidenda
2267 2770 2465 2836 trado
2502 2779 2574 2836 et
2610 2771 2963 2854 consigno,
3014 2773 3114 2838 ita

1033 2870 1322 2937 firmiter
1341 2879 1420 2937 ut
1443 2870 1613 2937 nulli
1637 2871 2050 2955 principum,
2072 2892 2197 2937 nec
2220 2871 2431 2937 etiam
2462 2871 2585 2937 ulli
2612 2870 2937 2956 episcopo
2966 2892 3113 2939 suc-

1032 2971 1302 3038 cedenti
1335 2971 1443 3037 fas
1475 2972 1569 3037 sit
1601 2979 1726 3038 aut
1761 2971 2041 3043 licitum.
2064 2972 2391 3056 quicquid
2426 2972 2649 3056 [inde]
2690 2973 3109 3051 subtrahere,

1032 3080 1156 3139 aut
1184 3064 1585 3156 peruadere,
1610 3080 1734 3139 aut
1758 3074 1848 3137 ab
1869 3092 2106 3139 eorum
2127 3080 2475 3157 potestate
2506 3073 2866 3157 surripere,
2892 3076 2997 3157 [et
3015 3075 3113 3157 in]

1031 3173 1436 3239 clericorum
1477 3174 1586 3238 ius
1629 3174 1878 3239 iterum
1924 3174 2306 3250 traducere,
2342 3174 2646 3257 quandiu
2692 3173 2859 3239 fides
2903 3176 3115 3240 chris-

1033 3273 1226 3339 tiana
1256 3271 1358 3359 [in
1389 3272 1679 3357 AngJIia
1698 3273 2201 3356 perdurauerit.
2256 3274 2391 3339 Sed
2417 3282 2489 3339 et
2509 3274 2859 3340 dimidium
2883 3284 3118 3341 centu-

1034 3374 1288 3439 riatum
1323 3374 1508 3459 quod
1540 3372 1837 3456 Anglice
1868 3382 2159 3441 uocatur
2193 3373 2863 3458 Cussburgebffawes
2906 3376 3113 3459 hJun-

1034 3473 1225 3551 dred,
1271 3475 1360 3540 ad
1402 3473 1583 3557 quod
1620 3475 1853 3539 iacent
1886 3491 1973 3539 .L.
2006 3474 2211 3539 hidae
2244 3475 2317 3539 in
2339 3472 2841 3559 Croppeiiorue,
2878 3478 3113 3560 [quas]

1033 3573 1192 3638 Offa
1219 3595 1343 3640 rex
1366 3574 1779 3639 Merciorum
1812 3573 2157 3657 quondam
2176 3574 2479 3641 familiae
2502 3576 2577 3640 in
2594 3575 3117 3659 Weogereceas—

1034 3681 1139 3739 tre
1169 3674 1480 3753 donauit,
1510 3675 1762 3739 liberas
1797 3675 1888 3739 ab
1917 3670 2139 3760 om[ni
2166 3675 2417 3764 re]gali
2448 3678 2835 3753 exactione,
2856 3696 2989 3761 ego
3022 3678 3117 3761 ip-

1035 3775 1132 3839 sis
1163 3775 1274 3840 dei
1303 3775 1524 3841 seruis
1544 3794 1700 3842 cum
1723 3775 1964 3840 eadem
1996 3775 2316 3840 libertate
2348 3776 2579 3860 [trado
2613 3786 2684 3842 et
2704 3774 3113 3863 coancribo.

1036 3874 1330 3960 Insuper
1362 3877 1571 3941 etiam
1615 3874 1706 3940 ad
1749 3875 2205 3959 supplendum
2260 3876 2483 3960 ipsum
2530 3878 3017 3957 centuriatum,
3050 3878 3117 3943 id

1034 3981 1142 4039 est
1170 3975 1505 4055 hundred,
1541 3983 1619 4042 ut
1648 3995 1739 4041 ex
1773 3976 1995 4061 [mJeo
2038 3975 2220 4042 dono
2250 3976 2424 4041 illud
2478 3976 2757 4060 plenum
2799 3978 3118 4057 habeant,

1035 4082 1254 4140 terras
1287 4077 1504 4159 ipsius
1533 4076 1909 4143 aecclesiae
1940 4096 2119 4160 quae
2150 4076 2484 4142 hactenus
2512 4078 2745 4161 regiae
2774 4080 3117 4145 exactioni

1035 4176 1506 4255 subiacebant‚
1541 4178 1631 4242 ab
1660 4176 1793 4243 hac
1822 4178 1933 4242 die
1974 4178 2047 4242 in
2074 4185 2482 4261 perpetuum
2518 4177 2826 4244 liberabo
2857 4187 2929 4245 et
2954 4179 3119 4245 libe-

1034 4294 1150 4339 ras
1189 4294 1339 4340 esse
1374 4278 1676 4342 concedo
1711 4285 1784 4343 et
1811 4278 2201 4361 praecipio;
2250 4298 2370 4343 eas
2398 4278 2721 4343 uidelicet
2750 4299 2931 4362 quae
2963 4288 3121 4345 sunt

1029 4374 1216 4439 ultra
1247 4374 1490 4442 Auene
1529 4376 1812 4455 flumen,
1841 4396 2021 4461 quae
2066 4378 2221 4443 istis
2264 4378 2619 4444 uocabulis
2653 4381 3115 4458 nominantur,
