3552 5764
1065 619 1411 670 cunnus
1453 620 2144 672 Aucmsaxomosn.
2513 604 2642 670 111

542 780 880 856 concessi,
943 787 1024 844 ut
1082 786 1336 845 terram
1394 781 1537 845 iam
1587 780 1969 864 praefatam
2025 779 2417 847 tramitibus
2472 799 2641 846 suae

543 881 900 966 possideat
945 881 1176 962 uitae;
1223 879 1467 945 deinde
1518 899 1819 965 namque
1868 881 2001 947 sibi
2055 881 2450 947 succedenti
2496 881 2641 946 cui-

544 1001 840 1066 cumque
919 981 1215 1047 uoluerit
1277 980 1559 1046 haeredi
1635 981 2075 1065 derelinquat
2143 981 2215 1045 in
2286 989 2641 1046 aeternam

543 1082 1062 1148 haereditatem.
1189 1081 1482 1146 Maneat
1538 1081 1756 1164 igitur
1812 1101 2041 1146 meum
2100 1081 2232 1146 hoc
2292 1082 2639 1148 immobile

547 1183 798 1248 donum
829 1189 1112 1247 aeterna
1143 1182 1466 1248 libertate
1496 1181 1894 1260 iocundum,
1923 1201 2077 1246 cum
2114 1182 2430 1247 omnibus
2458 1201 2638 1265 quae

547 1283 636 1350 ad
680 1283 908 1367 ipsum
942 1283 1170 1348 locum
1204 1283 1546 1368 pertinere
1579 1281 2052 1360 dinoscuntur,
2086 1289 2229 1348 tam
2258 1283 2332 1346 in
2364 1284 2637 1364 magnis

549 1403 758 1469 quam
803 1384 878 1448 in
908 1383 1195 1448 modicis
1227 1383 1456 1461 rebus,
1491 1383 1780 1466 campis,
1812 1382 2114 1466 pascuis,
2145 1382 2387 1466 pratiS,
2420 1381 2639 1461 siluiS,

551 1491 843 1568 excepto
889 1483 1234 1549 communi
1287 1483 1547 1561 labore,
1592 1483 2060 1568 expeditione,
2089 1483 2321 1566 pontis
2373 1481 2641 1548 arcisue

555 1584 1086 1650 constructione.
1187 1583 1262 1648 Si
1295 1583 1452 1667 quis
1483 1582 1696 1664 igitur
1727 1583 2020 1648 infestae
2053 1583 2457 1667 rapacitatis
2491 1602 2640 1648 ma-

549 1685 710 1750 cula
775 1684 1124 1761 seductus,
1185 1683 1318 1748 hoc
1367 1690 1646 1760 nostrae
1706 1683 2214 1749 munificentiae
2266 1683 2523 1748 donum
2564 1683 2639 1748 in

549 1784 860 1869 quolibet
918 1784 1106 1850 aliud
1159 1802 1368 1868 quam
1431 1782 1917 1848 constituimus
1985 1791 2297 1848 euertere
2346 1789 2641 1848 conatus

555 1886 786 1964 fuerit,
816 1891 1290 1969 sequestratus
1318 1902 1363 1948 a
1391 1883 1865 1949 communione
1908 1890 2191 1950 sanctae
2232 1883 2343 1948 dei
2377 1883 2639 1948 aeccle-

547 1987 694 2052 siae
727 1993 800 2050 et
831 1987 921 2051 ab
953 1985 1218 2051 aeterni
1260 1984 1456 2068 regni
1506 1983 2061 2069 participatione,
2100 1983 2501 2066 gehennalis
2532 1983 2641 2048 in-

551 2085 771 2154 cendii
806 2086 1036 2169 globis
1077 2085 1446 2151 absorbtus
1473 2091 1795 2150 aeternae
1845 2084 2353 2168 dampnationis
2398 2083 2643 2150 amari-

551 2186 907 2254 tudinibus
954 2186 1374 2263 inuoluatur,
1401 2185 1464 2250 si
1510 2203 1650 2250 non
1699 2183 2175 2251 satisfactione
2224 2183 2643 2268 poenituerit

551 2305 882 2370 congrua,
923 2286 1112 2370 quod
1163 2293 1406 2352 nostro
1437 2292 1762 2370 protei-ue
1811 2284 2090 2351 decreto
2144 2284 2487 2350 contraire
2534 2283 2641 2349 ni-

553 2386 715 2454 chili
747 2387 1117 2472 pendebat.
1219 2385 1374 2452 Rus
1407 2404 1704 2471 namque
1736 2392 2229 2470 praetaxatum
2258 2383 2639 2450 manifestis

553 2487 856 2572 undique
900 2487 1210 2553 terminis
1256 2487 1484 2552 minus
1517 2485 1873 2564 diuiditur,
1902 2486 2069 2571 quia
2114 2485 2357 2569 iugera
2402 2484 2635 2549 altrin-

551 2606 754 2654 secus
783 2588 1111 2672 copulata
1141 2587 1477 2652 adiacent.
1585 2587 1806 2653 Facta
1858 2595 1965 2651 est
2010 2585 2329 2672 praefata
2361 2584 2645 2650 donatio

555 2707 734 2754 anno
806 2688 896 2753 ab
955 2688 1429 2753 incarnatione
1493 2687 1754 2753 domini
1814 2687 2032 2753 nostri
2106 2685 2319 2752 Ihcsu
2385 2683 2643 2750 Christi

555 2805 1127 2854 .ncccc.1.xxxn.

662 2891 743 2974 ›1‹
786 2889 940 2973 Ego
993 2888 1330 2955 AEzelred
1381 2908 1506 2954 rex
1558 2886 1949 2971 Anglorum
1996 2886 2379 2970 praefitam
2434 2886 2647 2950 dona-

551 2992 810 3057 tionem
875 2988 1446 3055 indeclinabiliter
1516 2988 1846 3054 concessi.
1956 2986 2037 3069 >1⁴
2100 2986 2253 3069 Ego
2318 2986 2646 3051 Dunstan

553 3090 1110 3175 archiepiscopus
1171 3089 1592 3156 confirmaui.
1704 3090 1786 3171 ›1‹
1842 3086 1996 3169 Ego
2052 3084 2367 3151 Osuuold
2425 3084 2646 3150 archi-

555 3191 920 3276 episcopus
963 3191 1352 3257 subarraui.
1462 3192 1542 3272 ›1‹
1605 3186 1758 3269 Ego
1806 3186 2233 3253 ffleluuold
2282 3186 2647 3270 episcopus

555 3292 980 3376 consignaui.
1119 3294 1196 3375 ›1‹
1269 3292 1422 3373 Ego
1491 3288 1803 3353 AElfstan
1867 3289 2233 3372 episcopus
2306 3286 2644 3369 impressi.

567 3394 648 3477 ›1‹
675 3394 830 3477 Ego
855 3392 1196 3475 AEscuuig
1214 3392 1578 3476 episcopus
1605 3388 1941 3455 consensi.
2014 3390 2095 3471 ›1‹
2128 3387 2282 3471 Ego
2309 3386 2651 3469 AEvelgar

559 3494 924 3579 episcopus
975 3492 1439 3560 corroboraui.
1551 3492 1635 3574 ›1‹
1671 3489 1825 3574 Ego
1876 3487 2240 3573 AE’Selsige
2288 3488 2651 3571 episcopus

560 3595 954 3678 subscripsi.
1066 3596 1147 3677 ›1‹
1201 3592 1356 3677 Ego
1416 3588 1648 3657 A’sulf
1696 3591 2058 3674 episcopus
2122 3588 2451 3655 conclusi.
2561 3588 2641 3668 »Β

565 3692 714 3779 Ego
747 3694 1071 3759 AElfhere
1101 3693 1269 3759 dux.
1367 3692 1448 3775 *1⁴
1475 3692 1630 3777 Ego
1657 3690 2083 3757 AEveluuine
2114 3690 2285 3757 dux.
2381 3689 2462 3772 »Β
2496 3686 2651 3769 Ego

563 3792 928 3879 Byrhtnov
989 3793 1158 3859 dux.
1268 3794 1349 3877 >1⁴
1405 3792 1560 3877 Ego
1615 3792 2042 3857 AE’Geluuerd
2097 3790 2266 3856 dux.
2364 3790 2444 3870 ›1‹
2498 3786 2653 3870 Ego

565 3895 944 3962 AEsselmoer
966 3894 1136 3961 dux.
1235 3894 1316 3977 >1⁴
1343 3892 1496 3977 Ego
1527 3892 1888 3959 Eaduuine
1914 3891 2083 3959 dux.
2182 3892 2263 3975 ›1‹
2291 3888 2447 3973 Ego
2476 3887 2657 3952 Ord-

563 3995 771 4079 byrht
798 3996 1037 4062 abbas.
1146 3996 1227 4077 ›1‹
1271 3993 1428 4078 Ego
1475 3992 1700 4077 Sigric
1741 3993 1979 4058 abbas.
2090 3991 2171 4074 >1⁴
2215 3990 2367 4075 Ego
2410 3988 2656 4055 AE’eel-

565 4096 782 4162 uuerd
847 4096 1088 4163 abbas.
1216 4094 1297 4177 *1⁴
1358 4093 1512 4177 Ego
1571 4091 1937 4178 Byrhtnob
1991 4092 2227 4157 abbas.
2357 4093 2437 4173 »Β
2502 4090 2657 4173 Ego

565 4194 838 4262 Leofric
861 4198 1102 4263 abbas.
1211 4195 1292 4278 >1⁴
1323 4194 1476 4279 Ego
1498 4192 1795 4259 AElfheh
1827 4193 2067 4258 abbas.
2175 4192 2256 4275 ›1‹
2294 4190 2449 4275 Ego
2477 4188 2658 4257 AElf-

566 4295 710 4362 hun
757 4297 992 4364 abbas.
1104 4297 1185 4380 ›1‹
1240 4295 1396 4380 Ego
1450 4293 1877 4361 AE’seluuerd
1936 4292 2270 4359 minister.
2379 4295 2459 4375 »Β
2506 4292 2657 4375 Ego

565 4396 814 4463 AElfric
887 4396 1216 4463 minister.
1353 4394 1442 4483 ,Β
1500 4396 1652 4481 Ego
1713 4394 2035 4480 Uulfsige
2092 4390 2427 4460 minister.
2567 4391 2648 4474 >1⁴
