3552 5764
946 562 1074 631 134
1455 594 1798 645 casana
1849 594 2530 644 Auemslixomcu.

954 732 1288 813 E‘adwold
1332 750 1467 816 and
1502 752 1609 817 his
1652 760 1984 819 sweoster
2027 753 2199 837 hyre
2241 760 2476 817 taman
2520 751 2682 817 hors
2724 737 3046 833 gemaene

956 891 1237 913 ......
1276 870 1317 914 e
1342 850 1449 915 his
1481 839 1704 935 ‘a'gene
1734 843 2029 919 t6foran.

1776 1151 2198 1219 Mccxcl.

1642 1299 2169 1382 AEDELRED,
2212 1299 2367 1366 996.

1067 1445 1148 1527 >1⁴
1186 1444 1524 1514 Amnum
1558 1451 2028 1533 gubernacula
2055 1450 2322 1535 imperii
2349 1446 2747 1514 moderante
2779 1446 2852 1509 in
2883 1464 3042 1529 per-

959 1552 1243 1627 petuum
1302 1546 1579 1615 domino
1636 1560 1709 1615 et
1767 1552 2120 1617 saluatore
2171 1558 2407 1616 nostro
2456 1548 2668 1614 Ihesu
2722 1545 3042 1612 Christo!

965 1643 1385 1714 Certissimis
1437 1650 1854 1735 pupillarum
1896 1653 2255 1736 optutibus
2295 1648 2773 1734 quadripertiti
2803 1645 3046 1711 mundi

962 1746 1213 1811 cotidie
1242 1750 1465 1832 magis
1496 1771 1580 1817 ac
1606 1752 1832 1834 magis
1861 1752 2208 1817 imminere
2235 1750 2533 1815 cernitur
2557 1765 2877 1824 occasus;
2921 1747 3044 1831 qui

964 1849 1283 1930 quamuis
1304 1851 1667 1916 crescendo
1684 1851 2037 1918 decrescat
2053 1860 2124 1917 et
2143 1847 2650 1935 augmentando
2667 1849 3044 1925 minuatur,

964 1947 1280 2013 fidelibus
1338 1958 1568 2015 tamen
1616 1952 1952 2018 diuinitus
2011 1959 2118 2018 est
2161 1970 2583 2029 concessum,
2640 1956 2721 2014 ut
2784 1966 3045 2031 nequa·-

963 2066 1171 2131 quam
1205 2049 1337 2114 toti
1368 2069 1524 2115 cum
1551 2050 1912 2119 deficiente
1941 2051 2284 2129 deficiant,
2327 2052 2449 2116 sed
2491 2070 2614 2134 per
2655 2048 3043 2114 umbratilis

966 2149 1392 2215 substantiae
1434 2152 1944 2217 mercimonium
1986 2158 2496 2236 permanentem
2545 2150 2674 2215 sibi
2706 2148 3045 2215 thesauri·-

967 2256 1127 2313 zent
1177 2250 1252 2313 in
1301 2250 1511 2315 coelis
1561 2252 1981 2331 thesaurum,
2031 2272 2196 2337 quo,
2251 2254 2452 2318 iuxta
2499 2249 2670 2315 illud
2715 2247 3040 2314 dominici

966 2349 1308 2432 promissi,
1335 2356 1355 2385 ‘
1372 2350 1515 2416 Fur
1551 2369 1688 2416 non
1728 2353 2114 2437 appropiat,
2149 2371 2370 2436 neque
2404 2352 2592 2417 tinea
2622 2348 3044 2432 corrumpit.’

969 2447 1434 2533 Quapropter,
1486 2454 1767 2535 superni
1816 2454 2069 2519 amoris
2121 2451 2422 2536 igniculo
2469 2468 2860 2527 succensus,
2909 2468 3043 2531 ego

971 2547 1313 2629 AEiielred,
1342 2551 1699 2617 altithroni
1732 2552 2013 2619 fauente
2055 2553 2288 2637 gratia
2321 2552 2624 2617 basileus
2654 2548 3044 2634 Anglorum

968 2655 1531 2736 caeterarumque
1605 2652 1914 2734 gentium
1990 2653 2062 2718 in
2143 2653 2436 2717 circuitu
2511 2649 3046 2735 persistentium,

968 2755 1249 2815 sanctae
1290 2750 1402 2815 dei
1445 2751 1844 2832 aecclesiae,
1874 2752 2224 2819 Wentana
2255 2754 2536 2819 ciuitate
2579 2752 2784 2817 beato
2830 2750 3045 2815 Petro

970 2850 1435 2934 apostolorum
1468 2853 1759 2939 principi
1791 2855 2072 2939 eiusque
2103 2852 2506 2939 coapostolo
2539 2851 2789 2930 Paulo,
2817 2851 2906 2916 ob
2936 2869 3048 2915 re-

972 2951 1311 3017 uerentiae
1371 2954 1697 3020 trinitatis
1759 2955 2110 3033 honorem,
2175 2959 2638 3031 consecratae,
2698 2950 3048 3034 AElphego

968 3052 1275 3117 eiusdem
1308 3054 1491 3118 sedis
1524 3055 1836 3120 antistite
1863 3055 2292 3140 impetrante,
2317 3075 2442 3137 pro
2472 3073 2778 3118 meorum
2805 3053 3050 3136 expia-

970 3152 1155 3216 tione
1185 3154 1638 3237 piaculorum,
1664 3155 1934 3240 meique
1963 3162 2154 3221 statu
2179 3155 2478 3238 imperii3
2507 3151 2852 3238 quandam
2884 3153 3048 3217 hos-

972 3252 1131 3334 picii
1158 3254 1541 3336 portionem
1571 3255 1643 3319 in
1676 3255 1990 3339 praefata
2021 3257 2306 3321 ciuitate
2331 3256 2563 3334 sitam,
2593 3272 2772 3338 quae
2819 3252 3049 3336 patria

972 3351 1213 3434 lingua
1254 3353 1437 3436 haga
1476 3354 1656 3420 solet
1693 3355 2052 3438 appellari,
2086 3356 2190 3421 uti
2223 3355 2471 3421 nobilis
2513 3361 2830 3419 matrona
2856 3352 3048 3416 AElf-

972 3459 1191 3536 swyffs,
1214 3453 1345 3518 deo
1366 3455 1820 3538 omnipotenti
1843 3455 2128 3538 eiusque
2157 3455 2690 3539 praenominatis
2713 3450 3050 3537 apostolis

971 3552 1427 3618 haereditario
1481 3555 1629 3619 iure
1682 3563 2144 3630 concesserat;
2209 3556 2526 3639 quamuis
2581 3561 2740 3638 post
2783 3552 3050 3618 obitum

970 3654 1189 3737 ipsius
1230 3653 1472 3718 eadem
1504 3655 1845 3738 possessio
1872 3655 2088 3720 ueluti
2135 3656 2314 3721 solet
2353 3675 2400 3721 a
2441 3654 2848 3739 quibusdam
2888 3672 3050 3737 per-

974 3755 1163 3819 sonis
1190 3753 1443 3820 iniuste
1474 3773 1798 3838 possessa
1829 3755 2058 3834 fuerit,
2085 3755 2305 3822 libens
2338 3757 2426 3821 ad
2460 3775 2630 3820 usus
2657 3755 2944 3820 fratrum
2975 3754 3050 3818 in

974 3854 1288 3938 praefato
1312 3855 1549 3920 Ueteri
1576 3857 1906 3922 coenobio
1935 3854 2210 3922 Christo
2231 3856 2710 3922 famulantium
2731 3862 3050 3920 aeterna-

975 3955 1132 4020 liter
1176 3956 1659 4038 possidendam
1690 3957 2119 4023 restituendo
2160 3957 2462 4023 concedo
2505 3965 2578 4022 et
2619 3954 3052 4021 concedendo

976 4055 1299 4131 restitum
1346 4076 1607 4122 necnon
1640 4064 1710 4123 et
1738 4057 2091 4123 dimidium
2111 4057 2464 4124 cuiusdam
2488 4056 2764 4141 piscat-ii
2792 4055 3050 4122 uadum

974 4155 1063 4219 ad
1094 4163 1453 4239 capturam
1479 4158 1765 4242 piscium
1795 4167 1889 4225 aet
1911 4159 2160 4242 Braege
2185 4159 2681 4234 decurrentem,
2703 4157 2793 4221 ad
2826 4154 3054 4221 Uetus

974 4253 1237 4320 scilicet
1284 4259 1761 4324 monasterium
1811 4260 2286 4341 pertinentem,
2337 4279 2494 4324 cum
2539 4257 2742 4322 unius
2790 4254 3055 4337 ingeris

971 4355 1102 4419 sibi
1157 4355 1533 4422 adiacentis
1584 4359 1924 4442 portione,
1979 4367 2314 4444 perpetuo
2371 4359 2520 4424 iure
2565 4355 3056 4443 possidendum
